@article{kitzman2015massively,
  title={Massively parallel single-amino-acid mutagenesis},
    author={Kitzman, Jacob O and Starita, Lea M and Lo, Russell S and Fields, Stanley and Shendure, Jay},
      journal={Nature methods},
        year={2015},
          publisher={Nature Publishing Group},
          volume = {12},
          pages = {203-206},
}

@article{blainey2014points,
  title={Points of Significance: Replication},
    author={Blainey, Paul and Krzywinski, Martin and Altman, Naomi},
      journal={Nature methods},
        volume={11},
          number={9},
            pages={879--880},
              year={2014},
                publisher={Nature Publishing Group}
}


@Article{	  abed2004,
  author	= {Y. Abed and N. Goyette and G. Bovin},
  journal	= {Antiviral Therapy},
  title		= {A reverse genetics study of resistance to neuraminidase
		  inhibitors in an influenza {A/H1N1} virus},
  year		= {2004},
  volume	= {9},
  pages		= {577-581}
}

@Article{	  adey2010rapid,
  title		= {Rapid, low-input, low-bias construction of shotgun
		  fragment libraries by high-density in vitro transposition},
  author	= {Adey, Andrew and Morrison, Hilary G and Xun, Xu and
		  Kitzman, Jacob O and Turner, Emily H and Stackhouse,
		  Bethany and MacKenzie, Alexandra P and Caruccio, Nicholas C
		  and Zhang, Xiuqing and Shendure, Jay and others},
  journal	= {Genome biology},
  volume	= {11},
  number	= {12},
  pages		= {R119},
  year		= {2010},
  publisher	= {BioMed Central Ltd}
}

@Article{	  afriat2006,
  author	= {Livnat Afriat and Cintia Roodveldt and Giuseppe Manco and
		  Dan S. Tawfik},
  title		= {The latent promiscuity of newly identified microbial
		  lactonases is linked to a recently diverged
		  phosphotriesterase},
  journal	= {Biochemistry},
  year		= {2006},
  pages		= {13677-13686},
  volume	= {45}
}

@Article{	  aharoni2005,
  author	= {Amir Aharoni and Leonid Gaidukov and Olga Khersonsky and S
		  McQ Gould and Cintia Roodveldt and Dan S. Tawfik},
  title		= {The `evolvability' of promiscuous protein functions},
  journal	= {Nat. Genetics},
  year		= {2005},
  volume	= {37},
  pages		= {73-76}
}

@Article{	  akasako1995,
  author	= {A. Akasako and M. Haruki and M. Oobatake and S. Kanaya},
  title		= {High resistance of \textit{Escherichia coli} ribonuclease
		  {HI} variant with quintiple thermostabilizing mutations to
		  thermal denaturation, acid denaturation, and proteolytic
		  degradation},
  journal	= {Biochemistry},
  year		= {1995},
  pages		= {8115-8122},
  volume	= {34}
}

@Article{	  akasako1997,
  author	= {A. Akasako and M. Haruki and M. Oobatake and S. Kanaya},
  title		= {Conformational stabilities of \textit{Escherichia coli}
		  {RNase HI} variants with a series of amino acid
		  substitutions at a cavity within the hydrophobic core},
  journal	= {J. Biol. Chem.},
  year		= {1997},
  pages		= {18686-18693},
  volume	= {272}
}

@Article{	  akashi2003,
  author	= {H. Akashi},
  journal	= {Genetics},
  title		= {Translational selection and yeast proteome evolution},
  volume	= {164},
  pages		= {1291-1303},
  year		= {2003}
}

@Article{	  ambler1991standard,
  title		= {A standard numbering scheme for the class A
		  beta-lactamases.},
  author	= {Ambler, RP and Coulson, AF and Fr{\`e}re, Jean-Marie and
		  Ghuysen, Jean-Marie and Joris, Bernard and Forsman, M and
		  Levesque, RC and Tiraby, G and Waley, SG},
  journal	= {Biochemical Journal},
  volume	= {276},
  number	= {Pt 1},
  pages		= {269},
  year		= {1991},
  publisher	= {Portland Press Ltd}
}

@Article{	  amin2004,
  author	= {N. Amin and A. D. Liu and S. Ramer and W. Aehle and D.
		  Meijer and M. Metin and S. Wong and P. Gualfetti and V.
		  Schellenberger},
  title		= {Construction of stabilized proteins by combinatorial
		  consensus mutagenesis},
  journal	= {Protein Eng. Des. Sel.},
  volume	= {17},
  year		= {2004},
  pages		= {787-793}
}

@Article{	  amitai2007,
  author	= {Gil Amitai and Rinkoo Devi Gupta and Dan S. Tawfik},
  title		= {Latent evolutionary potentials under the neutral
		  mutational drift of an enzyme},
  year		= {2007},
  journal	= {HFSP Journal},
  volume	= {1},
  pages		= {8}
}

@Article{	  amundsen2008helicobacter,
  title		= {\textit{Helicobacter pylori} {AddAB} helicase-nuclease and
		  {RecA} promote recombination-related {DNA} repair and
		  survival during stomach colonization},
  author	= {Amundsen, Susan K and Fero, Jutta and Hansen, Lori M and
		  Cromie, Gareth A and Solnick, Jay V and Smith, Gerald R and
		  Salama, Nina R},
  journal	= {Molecular microbiology},
  volume	= {69},
  number	= {4},
  pages		= {994--1007},
  year		= {2008},
  publisher	= {Wiley Online Library}
}

@Article{	  amundsen2009dual,
  title		= {Dual nuclease and helicase activities of
		  \textit{Helicobacter pylori} {AddAB} are required for {DNA}
		  repair, recombination, and mouse infectivity},
  author	= {Amundsen, Susan K and Fero, Jutta and Salama, Nina R and
		  Smith, Gerald R},
  journal	= {Journal of Biological Chemistry},
  volume	= {284},
  number	= {25},
  pages		= {16759--16766},
  year		= {2009},
  publisher	= {ASBMB}
}

@Article{	  anfinsen1973,
  author	= {C. B. Anfinsen},
  title		= {Principles that govern the folding of protein chains},
  journal	= {Science},
  pages		= {223--230},
  year		= {1973},
  volume	= {181}
}

@Article{	  appel2001,
  author	= {D. Appel and S Lutz-Wahl and Peter Fischer and Ulrich
		  Schwaneberg and Rolf D. Schmid},
  title		= {A {P450 BM-3} mutant hydroxylates alkanes, cycloalkanes,
		  arenes and heteroarenes},
  journal	= {J. Biotechnol.},
  volume	= {88},
  pages		= {167-171},
  year		= {2001}
}

@Article{	  araya2011,
  title		= {Deep mutational scanning: assessing protein function on a
		  massive scale},
  author	= {Araya, Carlos L and Fowler, Douglas M},
  journal	= {Trends in biotechnology},
  volume	= {29},
  number	= {9},
  pages		= {435--442},
  year		= {2011},
  publisher	= {Elsevier}
}

@Article{	  araya2011deep,
  title		= {Deep mutational scanning: assessing protein function on a
		  massive scale},
  author	= {Araya, Carlos L and Fowler, Douglas M},
  journal	= {Trends in biotechnology},
  volume	= {29},
  number	= {9},
  pages		= {435--442},
  year		= {2011},
  publisher	= {Elsevier}
}

@Article{	  araya2012fundamental,
  title		= {A fundamental protein property, thermodynamic stability,
		  revealed solely from large-scale measurements of protein
		  function},
  author	= {Araya, Carlos L and Fowler, Douglas M and Chen, Wentao and
		  Muniez, Ike and Kelly, Jeffery W and Fields, Stanley},
  journal	= {Proceedings of the National Academy of Sciences},
  volume	= {109},
  number	= {42},
  pages		= {16858--16863},
  year		= {2012},
  publisher	= {National Acad Sciences}
}

@Article{	  ardell1998,
  author	= {D. H. Ardell},
  title		= {On error minimization in a sequential origin of the
		  standard genetic code},
  journal	= {J. Mol. Evol.},
  volume	= {47},
  pages		= {1-13},
  year		= {1998}
}

@Article{	  arnold1998,
  author	= {F. H. Arnold},
  title		= {Design by directed evolution},
  journal	= {Acc. Chem. Res.},
  volume	= {31},
  pages		= {125--131},
  year		= {1998}
}

@Article{	  arnold2001,
  author	= {F. H. Arnold and P. L. Wintrode and K. Miyazaki and A.
		  Gershenson},
  title		= {How enzymes adapt: lessons from directed evolution},
  journal	= {Trends Biochem. Sci.},
  year		= {2001},
  volume	= {26},
  pages		= {100--107}
}

@Article{	  ashenberg2013mutational,
  title		= {Mutational effects on stability are largely conserved
		  during protein evolution},
  author	= {Ashenberg, Orr and Gong, L Ian and Bloom, Jesse D},
  journal	= {Proc. Natl. Acad. Sci. USA},
  volume	= {110},
  number	= {52},
  pages		= {21071--21076},
  year		= {2013},
  publisher	= {National Acad Sciences},
  note		= {\url{http://dx.doi.org/10.1073/pnas.1314781111}}
}

@Article{	  ayres2011beagle,
  title		= {{BEAGLE}: an application programming interface and
		  high-performance computing library for statistical
		  phylogenetics},
  author	= {Ayres, Daniel L and Darling, Aaron and Zwickl, Derrick J
		  and Beerli, Peter and Holder, Mark T and Lewis, Paul O and
		  Huelsenbeck, John P and Ronquist, Fredrik and Swofford,
		  David L and Cummings, Michael P and others},
  journal	= {Systematic biology},
  pages		= {syr100},
  year		= {2011},
  publisher	= {Oxford University Press}
}

@Article{	  baba2006construction,
  title		= {Construction of \textit{Escherichia coli} {K-12} in-frame,
		  single-gene knockout mutants: the {Keio} collection},
  author	= {Baba, Tomoya and Ara, Takeshi and Hasegawa, Miki and
		  Takai, Yuki and Okumura, Yoshiko and Baba, Miki and
		  Datsenko, Kirill A and Tomita, Masaru and Wanner, Barry L
		  and Mori, Hirotada},
  journal	= {Molecular systems biology},
  volume	= {2},
  number	= {1},
  year		= {2006},
  publisher	= {EMBO Press}
}

@Article{	  balazs2013broad,
  title		= {Broad protection against influenza infection by vectored
		  immunoprophylaxis in mice},
  author	= {Balazs, Alejandro B and Bloom, Jesse D and Hong, Christin
		  M and Rao, Dinesh S and Baltimore, David},
  journal	= {Nature biotechnology},
  volume	= {31},
  number	= {7},
  pages		= {647--652},
  year		= {2013},
  publisher	= {Nature Publishing Group},
  note		= {\url{http://dx.doi.org/10.1038/nbt.2618}}
}

@Article{	  bank2014bayesian,
  title		= {A Bayesian MCMC approach to assess the complete
		  distribution of fitness effects of new mutations:
		  uncovering the potential for adaptive walks in challenging
		  environments},
  author	= {Bank, Claudia and Hietpas, Ryan T and Wong, Alex and
		  Bolon, Daniel N and Jensen, Jeffrey D},
  journal	= {Genetics},
  volume	= {196},
  number	= {3},
  pages		= {841--852},
  year		= {2014},
  publisher	= {Genetics Soc America}
}

@Article{	  bank2015systematic,
  title		= {A systematic survey of an intragenic epistatic landscape},
  author	= {Bank, Claudia and Hietpas, Ryan T and Jensen, Jeffrey D
		  and Bolon, Daniel NA},
  journal	= {Molecular biology and evolution},
  volume	= {32},
  number	= {1},
  pages		= {229--238},
  year		= {2015},
  publisher	= {SMBE}
}

@Article{	  bao2008,
  author	= {Y. Bao and P. Bolotov and D. Dernovoy and B. Kiryutin and
		  L. Zaslavsky and T. Tatusova and J. Ostell and D. Lipman},
  journal	= {J. Virol.},
  title		= {The {Influenza Virus Resource} at the {National Center for
		  Biotechnology Information}},
  year		= {2008},
  volume	= {82},
  pages		= {596-601}
}

@Article{	  baranovich2010,
  author	= {T. Baranovich and R. Saito and Y. Suzuki and H. Zaraket
		  and C. Dapat and I. Caperig-Dapat and T. Oguma and I. I.
		  Shabana and T. Saito and H. Suzuki},
  title		= {Emergence of {H274Y} oseltamivir-resistant {A(H1N1)}
		  influenza viruses in {J}apan during the 2008-2009 season},
  journal	= {J. Clin. Virol.},
  volume	= {47},
  pages		= {23-28},
  year		= {2010}
}

@Article{	  barnes1991,
  author	= {H. J. Barnes and M. P. Arlotto and M. R. Waterman},
  title		= {Expression and enzymatic activity of recombinant
		  cytochrome {P450} 17 $\alpha$-hydroxylase in
		  \textit{Escherichia coli}},
  journal	= {Proc. Natl. Acad. Sci. USA},
  volume	= {88},
  pages		= {5597-5601},
  year		= {1991}
}

@Article{	  bastolla2002,
  author	= {U. Bastolla and M. Porto and H. E. Roman and M.
		  Vendruscolo},
  title		= {Lack of self-averaging in neutral evolution of proteins},
  journal	= {Phys. Rev. Lett.},
  year		= {2002},
  volume	= {89},
  pages		= {208101}
}

@Article{	  bastolla2003,
  author	= {U. Bastolla and M. Porto and H. E. Roman and M.
		  Vendruscolo},
  title		= {Connectivity of neutral networks, overdispersion, and
		  structural conservation in protein evolution},
  year		= {2003},
  pages		= {243-254},
  volume	= {56},
  journal	= {J. Mol. Evol.}
}

@Article{	  bastolla2006,
  author	= {U. Bastolla and M. Porto and H. E. Roman and M.
		  Vendruscolo},
  title		= {A protein evolution model with independent sites that
		  reproduces site-specific amino acid distributions from the
		  Protein Data Bank},
  journal	= {BMC Evol. Biol.},
  volume	= {6},
  year		= {2006},
  pages		= {43}
}

@Article{	  bava2004,
  author	= {K. A. Bava and M. M. Gromiha and H. Uedaira and K.
		  Kitajimi and A. Sarai},
  title		= {ProTherm, version 4.0: thermodynamic database for proteins
		  and mutants},
  journal	= {Nucleic Acids Res.},
  year		= {2004},
  volume	= {32},
  pages		= {D120--D121}
}

@Article{	  baz2010,
  author	= {M. Baz and Y. Abed and P. Simon and M. E. Hamelin and G.
		  Boivin},
  title		= {Effect of neuraminidase mutation {H274Y} conferring
		  resistance to oseltamivir on the replicative capacity and
		  virulence of old and recent human influenza {A(H1N1)}
		  viruses},
  journal	= {J. Infect. Dis.},
  year		= {2010},
  pages		= {740-745},
  volume	= {201}
}

@Article{	  bazykin2004,
  author	= {G. A. Bazykin and F. A. Kondrashov and A. Y. Ogurtsov and
		  S. Sunyaev and A. S. Kondrashov},
  title		= {Positive selection at sites of multiple amino acid
		  replacements since rat-mouse divergence},
  journal	= {Nature},
  year		= {2004},
  volume	= {429},
  pages		= {558-562}
}

@Article{	  beadle2002,
  author	= {B. M. Beadle and B. K. Shoichet},
  year		= {2002},
  title		= {Structural bases of stability-function tradeoffs in
		  enzymes},
  journal	= {J. Mol. Biol.},
  volume	= {321},
  pages		= {285-296}
}

@Article{	  beare1971recombinant,
  title		= {RECOMBINANT INFLUENZA-A VIRUSES AS LIVE VACCINES FOR MAN:
		  Report to the Medical Research Council's Committee on
		  Influenza and other Respiratory Virus Vaccines},
  author	= {Beare, AS and Hall, TS},
  journal	= {The Lancet},
  volume	= {298},
  number	= {7737},
  pages		= {1271--1273},
  year		= {1971},
  publisher	= {Elsevier}
}

@Article{	  beare1975trials,
  title		= {{Trials in man with live recombinants made from A/PR/8/34
		  (H0 N1) and wild H3 N2 influenza viruses}},
  author	= {Beare, AS and Schild, GC and Craig, JW},
  journal	= {The Lancet},
  volume	= {306},
  number	= {7938},
  pages		= {729--732},
  year		= {1975},
  publisher	= {Elsevier}
}

@Article{	  bedford2011,
  title		= {Strength and tempo of selection revealed in viral gene
		  genealogies},
  author	= {Bedford, Trevor and Cobey, Sarah and Pascual, Mercedes},
  journal	= {BMC evolutionary biology},
  volume	= {11},
  number	= {1},
  pages		= {220},
  year		= {2011},
  publisher	= {BioMed Central Ltd}
}

@Article{	  bedford2014integrating,
  author	= {T. Bedford and M. A. Suchard and P. Lemey and G. Dudas and
		  V. Gregory and A. J. Hay and J. W. McCauley and C. A.
		  Russell and D. J. Smith and A. Rambaut},
  title		= {Integrating influenza antigenic dynamics with molecular
		  evolution},
  journal	= {eLife},
  year		= {2014},
  volume	= {3},
  pages		= {e01914},
  doi		= {10.7554/eLife.01914}
}

@Article{	  berg1996,
  author	= {O. G. Berg},
  title		= {Selection intensity for codon bias and the effective
		  population size of \textit{Escherichia coli}},
  journal	= {Genetics},
  volume	= {142},
  year		= {1996},
  pages		= {1379-1382}
}

@Article{	  berkhoff2005functional,
  title		= {Functional constraints of influenza {A} virus epitopes
		  limit escape from cytotoxic {T} lymphocytes},
  author	= {Berkhoff, EGM and De Wit, E and Geelhoed-Mieras, MM and
		  Boon, ACM and Symons, J and Fouchier, RAM and Osterhaus,
		  ADME and Rimmelzwaan, GF},
  journal	= {Journal of Virology},
  volume	= {79},
  number	= {17},
  pages		= {11239--11246},
  year		= {2005},
  publisher	= {Am Soc Microbiol}
}

@Article{	  berkhoff2006fitness,
  title		= {Fitness costs limit escape from cytotoxic {T} lymphocytes
		  by influenza {A} viruses},
  author	= {Berkhoff, EGM and de Wit, E and Geelhoed-Mieras, MM and
		  Boon, ACM and Symons, J and Fouchier, RAM and Osterhaus,
		  ADME and Rimmelzwaan, GF},
  journal	= {Vaccine},
  volume	= {24},
  number	= {44},
  pages		= {6594--6596},
  year		= {2006},
  publisher	= {Elsevier}
}

@Article{	  berkhoff2007assessment,
  title		= {Assessment of the extent of variation in influenza {A}
		  virus cytotoxic {T}-lymphocyte epitopes by using
		  virus-specific {CD8+} {T}-cell clones},
  author	= {Berkhoff, EGM and Geelhoed-Mieras, MM and Fouchier, RAM
		  and Osterhaus, ADME and Rimmelzwaan, GF},
  journal	= {Journal of General Virology},
  volume	= {88},
  number	= {2},
  pages		= {530--535},
  year		= {2007},
  publisher	= {Soc General Microbiol}
}

@Article{	  bernhardt2006,
  author	= {R. Bernhardt},
  title		= {Cytochromes {P450} as versatile biocatalysts},
  journal	= {J. Biotechnol.},
  volume	= {124},
  pages		= {128-145},
  year		= {2006}
}

@Article{	  bersaglieri2004genetic,
  title		= {Genetic signatures of strong recent positive selection at
		  the lactase gene},
  author	= {Bersaglieri, Todd and Sabeti, Pardis C and Patterson, Nick
		  and Vanderploeg, Trisha and Schaffner, Steve F and Drake,
		  Jared A and Rhodes, Matthew and Reich, David E and
		  Hirschhorn, Joel N},
  journal	= {The American Journal of Human Genetics},
  volume	= {74},
  number	= {6},
  pages		= {1111--1120},
  year		= {2004},
  publisher	= {Elsevier}
}

@Article{	  bershtein2006,
  author	= {S. Bershtein and M. Segal and R. Bekerman and N. Tokuriki
		  and D. S. Tawfik},
  title		= {Robustness-epistasis link shapes the fitness landscape of
		  a randomly drifting protein},
  journal	= {Nature},
  volume	= {444},
  pages		= {929-932},
  year		= {2006}
}

@Article{	  besenmatter2007,
  author	= {W. Besenmatter and P. Kast and D. Hilvert},
  title		= {Relative tolerance of mesostable and thermostable protein
		  homologs to extensive mutation},
  journal	= {Proteins},
  volume	= {66},
  pages		= {500-506},
  year		= {2007}
}

@Article{	  bhatt2011genomic,
  title		= {The Genomic Rate of Molecular Adaptation of the Human
		  Influenza A Virus},
  author	= {Bhatt, Samir and Holmes, Edward C and Pybus, Oliver G},
  journal	= {Molecular Biology and Evolution},
  volume	= {28},
  number	= {9},
  pages		= {2443},
  year		= {2011},
  publisher	= {Oxford University Press}
}

@Article{	  bloom2004,
  author	= {J. D. Bloom and C. O. Wilke and F. H. Arnold and C.
		  Adami},
  title		= {Stability and the evolvability of function in a model
		  protein},
  journal	= {Biophysical J.},
  year		= {2004},
  volume	= {86},
  pages		= {1--7}
}

@Article{	  bloom2005,
  author	= {J. D. Bloom and J. J. Silberg and C. O. Wilke and D. A.
		  Drummond and C. Adami and F. H. Arnold},
  title		= {Thermodynamic prediction of protein neutrality},
  year		= {2005},
  pages		= {606--611},
  volume	= {102},
  journal	= {Proc. Natl. Acad. Sci. USA}
}

@Article{	  bloom2005b,
  author	= {J. D. Bloom and M. M. Meyer and P. Meinhold and C. R. Otey
		  and D. MacMillan and F. H. Arnold},
  title		= {Evolving strategies for enzyme engineering},
  journal	= {Curr. Opin. Struct. Biol.},
  volume	= {15},
  year		= {2005},
  pages		= {447-452}
}

@Article{	  bloom2006,
  author	= {J. D. Bloom and S. T. Labthavikul and C. R. Otey and F. H.
		  Arnold},
  title		= {Protein stability promotes evolvability},
  year		= {2006},
  journal	= {Proc. Natl. Acad. Sci. USA},
  volume	= {103},
  pages		= {5869--5874}
}

@Article{	  bloom2006b,
  author	= {J. D. Bloom and D. A. Drummond and F. H. Arnold and C. O.
		  Wilke},
  title		= {Structural determinants of the rate of protein evolution
		  in yeast},
  journal	= {Mol. Biol. Evol.},
  year		= {2006},
  volume	= {23},
  pages		= {1751-1761}
}

@Article{	  bloom2007,
  author	= {J. D. Bloom and A. Raval and C. O. Wilke},
  title		= {Thermodynamics of neutral protein evolution},
  journal	= {Genetics},
  volume	= {175},
  year		= {2007},
  pages		= {255-266}
}

@Article{	  bloom2007b,
  author	= {J. D. Bloom and F. H. Arnold and C. O. Wilke},
  title		= {Breaking proteins with mutations: threads and thresholds
		  in evolution},
  journal	= {Molecular Systems Biology},
  year		= {2007},
  volume	= {3},
  pages		= {76}
}

@Article{	  bloom2007c,
  author	= {Jesse D. Bloom and Zhongyi Lu and David Chen and Alpan
		  Raval and Ophelia S. Venturelli and Frances H. Arnold},
  title		= {Neutral evolutions favors mutational robustness in
		  sufficiently large populations},
  year		= {2007},
  journal	= {BMC Biology},
  volume	= {5},
  pages		= {29}
}

@Article{	  bloom2007d,
  author	= {Jesse D. Bloom and Philip A. Romero and Zhongyi Lu and
		  Frances H. Arnold},
  title		= {Neutral genetic drift can alter promiscuous protein
		  functions, potentially aiding functional evolution},
  year		= {2007},
  journal	= {Biology Direct},
  volume	= {2},
  pages		= {17}
}

@Article{	  bloom2009,
  author	= {J. D. Bloom and M. J. Glassman},
  title		= {Inferring stabilizing mutations from protein phylogenies:
		  application to influenza hemagglutinin},
  journal	= {PLoS Comput. Biol.},
  year		= {2009},
  volume	= {5},
  pages		= {e1000349}
}

@Article{	  bloom2010,
  author	= {J. D. Bloom and L. I. Gong and D. Baltimore},
  title		= {Permissive secondary mutations enable the evolution of
		  influenza oseltamivir resistance},
  journal	= {Science},
  year		= {2010},
  volume	= {328},
  pages		= {1272-1275},
  note		= {\url{http://www.sciencemag.org/content/328/5983/1272}}
}

@Article{	  bloom2011,
  title		= {A computational-experimental approach identifies mutations
		  that enhance surface expression of an oseltamivir-resistant
		  influenza neuraminidase},
  author	= {Bloom, Jesse D and Nayak, Jagannath S and Baltimore,
		  David},
  journal	= {PloS One},
  volume	= {6},
  number	= {7},
  pages		= {e22201},
  year		= {2011},
  publisher	= {Public Library of Science},
  doi		= {10.1371/journal.pone.0022201}
}

@Article{	  bloom2014experimentally,
  title		= {An experimentally determined evolutionary model
		  dramatically improves phylogenetic fit},
  author	= {Bloom, Jesse D},
  journal	= {Molecular Biology and Evolution},
  year		= {2014},
  publisher	= {SMBE},
  volume	= {30},
  pages		= {1956-1978},
  note		= {\url{http://mbe.oxfordjournals.org/content/31/8/1956}}
}

@Article{	  bloom2014informed,
  title		= {An experimentally informed evolutionary model improves
		  phylogenetic fit to divergent lactamase homologs},
  author	= {Bloom, Jesse D},
  journal	= {Molecular Biology and Evolution},
  year		= {2014},
  publisher	= {SMBE},
  volume	= {31},
  pages		= {2753-2769},
  note		= {\url{http://mbe.oxfordjournals.org/content/31/10/2753}}
}

@Article{	  blundell1975,
  author	= {T. L. Blundell and S. P. Wood},
  title		= {Is the evolution of insulin {Darwinian} or due to
		  selectively neutral mutations?},
  journal	= {Nature},
  pages		= {197-203},
  volume	= {257},
  year		= {1975}
}

@Article{	  bogner2006,
  author	= {P. Bogner and I. Capua and D. J. Lipman and N. J. Cox and
		  others},
  title		= {A global initiative on sharing avian flu data},
  journal	= {Nature},
  volume	= {442},
  pages		= {981},
  year		= {2006}
}

@Article{	  bolivar1977construction,
  title		= {Construction and characterization of new cloning vehicle.
		  II. A multipurpose cloning system},
  author	= {Bolivar, Francisco and Rodriguez, Raymond L and Greene,
		  Patricia J and Betlach, Mary C and Heyneker, Herbert L and
		  Boyer, Herbert W and Crosa, Jorge H and Falkow, Stanley},
  journal	= {Gene},
  volume	= {2},
  number	= {2},
  pages		= {95--113},
  year		= {1977},
  publisher	= {Elsevier}
}

@Article{	  bornberg-bauer1999,
  author	= {E. Bornberg-Bauer and H. S. Chan},
  title		= {Modeling evolutionary landscapes: mutational stability,
		  topology, and superfunnels in sequence space},
  journal	= {Proc. Natl. Acad. Sci. USA},
  volume	= {96},
  year		= {1999},
  pages		= {10689--10694}
}

@Article{	  brendel1997evolutionary,
  title		= {Evolutionary comparisons of {RecA}-like proteins across
		  all major kingdoms of living organisms},
  author	= {Brendel, Volker and Brocchieri, Luciano and Sandler,
		  Steven J and Clark, Alvin J and Karlin, Samuel},
  journal	= {Journal of molecular evolution},
  volume	= {44},
  number	= {5},
  pages		= {528--541},
  year		= {1997},
  publisher	= {Springer}
}

@Article{	  bridgham2006,
  author	= {Jamie T. Bridgham and Sean M. Carroll and Joseph W.
		  Thornton},
  title		= {Evolution of hormone-receptor complexity by molecular
		  exploitation},
  journal	= {Science},
  volume	= {312},
  pages		= {97-101},
  year		= {2006}
}

@Article{	  brin1998,
  author	= {Sergey Brin and Lawrence Page},
  title		= {The anatomy of a large-scale hypertextual {Web} search
		  engine},
  journal	= {Computer Networks and ISDN Systems},
  volume	= {30},
  number	= {1--7},
  pages		= {107--117},
  year		= {1998}
}

@Article{	  broglia1999,
  author	= {R. A. Broglia and G. Tiana and H. E. Roman and E. Vigezzi
		  and E. Shakhnovich},
  title		= {Stability of designed proteins against mutations},
  journal	= {Phys. Rev. Lett.},
  volume	= {82},
  year		= {1999},
  pages		= {4727--4730}
}

@Article{	  brookes2011,
  author	= {D. W. Brookes and S. Miah and A. Lackenby and L.
		  Hartgroves and W. S. Barclay},
  title		= {Pandemic {H1N1} 2009 influenza virus with the {H275Y}
		  oseltamivir resistance neuraminidase mutation shows a small
		  compromise in enzyme activity and viral fitness},
  journal	= {J. Antimicrob. Chemother.},
  year		= {2011},
  volume	= {66},
  pages		= {466-470}
}

@Article{	  broome2000,
  author	= {B. M. Broome and M. H. Hecht},
  title		= {Nature disfavors sequences of alternating polar and
		  nonpolar amino acids: implications for amyloidogenesis},
  journal	= {J. Mol. Biol.},
  year		= {2000},
  volume	= {296},
  pages		= {961-968}
}

@Book{		  brown2013assessing,
  title		= {Assessing student learning in higher education},
  author	= {Brown, George A and Bull, Joanna and Pendlebury, Malcolm},
  year		= {2013},
  publisher	= {Routledge}
}

@Article{	  brownlee2001,
  author	= {G. G. Brownlee and E. Fodor},
  title		= {The predicted antigenicity of the haemagglutinin of the
		  1918 {Spanish} influenza pandemic suggests an avian
		  origin},
  journal	= {Phil. Trans. R. Soc. Lond. B},
  year		= {2001},
  pages		= {1871-1876},
  volume	= {356}
}

@Article{	  bryan2000,
  author	= {P. N. Bryan},
  title		= {Protein engineering of subtilisin},
  journal	= {Biochim. Biophys. Acta.},
  year		= {2000},
  volume	= {1543},
  pages		= {203--222}
}

@Article{	  budde2006,
  title		= {Selective hydroxylation of highly branched fatty acids and
		  their derivatives by {CYP102A1} from {B}acillus
		  megaterium},
  journal	= {Chem. Biochem.},
  volume	= {7},
  pages		= {789-784},
  author	= {M. Budde and M. Morr and R. D. Schmid and V. B. Urlacher},
  year		= {2006}
}

@Article{	  burton2005,
  author	= {D. R. Burton and R. L. Stanfield and I. A. Wilson},
  title		= {Antibody versus {HIV} in a clash of evolutionary titans},
  journal	= {Proc. Natl. Acad. Sci. USA},
  year		= {2005},
  volume	= {102},
  pages		= {14943-14948}
}

@Article{	  burton2012broadly,
  title		= {Broadly neutralizing antibodies present new prospects to
		  counter highly antigenically diverse viruses},
  author	= {Burton, Dennis R and Poignard, Pascal and Stanfield, Robyn
		  L and Wilson, Ian A},
  journal	= {Science},
  volume	= {337},
  number	= {6091},
  pages		= {183--186},
  year		= {2012},
  publisher	= {American Association for the Advancement of Science}
}

@Article{	  bush1995functional,
  title		= {A functional classification scheme for beta-lactamases and
		  its correlation with molecular structure.},
  author	= {Bush, Karen and Jacoby, George A and Medeiros, Antone A},
  journal	= {Antimicrobial agents and chemotherapy},
  volume	= {39},
  number	= {6},
  pages		= {1211},
  year		= {1995},
  publisher	= {American Society for Microbiology (ASM)}
}

@Article{	  bustamante2000solvent,
  title		= {Solvent accessibility and purifying selection within
		  proteins of \textit{Escherichia coli} and
		  \textit{Salmonella enterica}},
  author	= {Bustamante, Carlos D and Townsend, Jeffrey P and Hartl,
		  Daniel L},
  journal	= {Molecular Biology and Evolution},
  volume	= {17},
  number	= {2},
  pages		= {301--308},
  year		= {2000},
  publisher	= {SMBE}
}

@Article{	  butler2014estimating,
  title		= {Estimating the Fitness Advantage Conferred by Permissive
		  Neuraminidase Mutations in Recent Oseltamivir-Resistant {A
		  (H1N1)} pdm09 Influenza Viruses},
  author	= {Butler, Jeff and Hooper, Kathryn A and Petrie, Stephen and
		  Lee, Raphael and Maurer-Stroh, Sebastian and Reh, Lucia and
		  Guarnaccia, Teagan and Baas, Chantal and Xue, Lumin and
		  Vitesnik, Sophie and others},
  journal	= {PLoS Pathogens},
  volume	= {10},
  number	= {4},
  pages		= {e1004065},
  year		= {2014},
  publisher	= {Public Library of Science},
  note		= {\url{http://dx.doi.org/10.1371/journal.ppat.1004065}}
}

@Article{	  calloni2005,
  author	= {G. Calloni and S. Zoffoli and M. Stefani and C. M. Dobson
		  and F. Chiti},
  journal	= {J. Biol. Chem.},
  title		= {Investigating the effects of mutations on protein
		  aggregation in the cell},
  year		= {2005},
  volume	= {280},
  pages		= {10607-10613}
}

@Article{	  campbell2010substitutions,
  title		= {Substitutions in woolly mammoth hemoglobin confer
		  biochemical properties adaptive for cold tolerance},
  author	= {Campbell, Kevin L and Roberts, Jason EE and Watson, Laura
		  N and Stetefeld, J{\"o}rg and Sloan, Angela M and Signore,
		  Anthony V and Howatt, Jesse W and Tame, Jeremy RH and
		  Rohland, Nadin and Shen, Tong-Jian and others},
  journal	= {Nature genetics},
  volume	= {42},
  number	= {6},
  pages		= {536--540},
  year		= {2010},
  publisher	= {Nature Publishing Group}
}

@Article{	  canadillas2006,
  author	= {M. P. Canadillas and H. Tidow and S. M. V. Freund and T.
		  J. Rutherford and H. C. Ang and A. R. Fersht},
  title		= {Solution structure of p53 core domain: structural basis
		  for its instability},
  journal	= {Proc. Natl. Acad. Sci. USA},
  year		= {2006},
  volume	= {103},
  pages		= {2109-2114}
}

@Article{	  cao1994phylogenetic,
  title		= {Phylogenetic relationships among eutherian orders
		  estimated from inferred sequences of mitochondrial
		  proteins: instability of a tree based on a single gene},
  author	= {Cao, Ying and Adachi, Jun and Janke, Axel and
		  P{\"a}{\"a}bo, Svante and Hasegawa, Masami},
  journal	= {Journal of Molecular Evolution},
  volume	= {39},
  number	= {5},
  pages		= {519--527},
  year		= {1994},
  publisher	= {Springer}
}

@Article{	  cao2002,
  author	= {A. Cao and G. Wang and Y. Tang and L. Lai},
  title		= {Linear correlation between thermal stability and folding
		  kinetics of lysozyme},
  journal	= {Biochemical and Biophysical Research Communications},
  volume	= {291},
  pages		= {795-797},
  year		= {2002}
}

@Article{	  capriotti2005,
  author	= {E. Capriotti and P. Fariselli and R. Casadio},
  journal	= {Nucleic Acids Res.},
  year		= {2005},
  pages		= {W306-W310},
  volume	= {33},
  title		= {{I-Mutant2.0}: predicting stability changes upon mutation
		  from the protein sequence or structure}
}

@Article{	  casalegno2010,
  author	= {J. S. Casalegno and M. Bouscambert-Duchamp and V. Caro and
		  I. Schuffenecker and M. Sabatier and A. Traversier and M.
		  Valette and B. Lina and O. Ferraris and V. Escuret},
  journal	= {Antiviral Res.},
  title		= {Oseltamivir-resistant influenza {A(H1N1)} viruses in south
		  of {F}rance, 2007/2009},
  year		= {2010},
  pages		= {242-248},
  volume	= {87}
}

@Article{	  caton1982antigenic,
  title		= {The antigenic structure of the influenza virus {A/PR/8/34}
		  hemagglutinin ({H1} subtype)},
  author	= {Caton, Andrew J and Brownlee, George G and Yewdell,
		  Jonathan W and Gerhard, Walter},
  journal	= {Cell},
  volume	= {31},
  number	= {2},
  pages		= {417--427},
  year		= {1982},
  publisher	= {Elsevier}
}

@Article{	  chamary2005,
  author	= {J. V. Chamary and L. D. Hurst},
  title		= {Evidence for selection on synonymous mutations affecting
		  stability of {mRNA} secondary structure in mammals},
  journal	= {Genome Biology},
  year		= {2005},
  volume	= {6},
  pages		= {R75}
}

@Article{	  chan2002,
  author	= {H. S. Chan and E. Bornberg--Bauer},
  title		= {Perspectives on protein evolution from simple exact
		  models},
  journal	= {Applied Bioinformatics},
  volume	= {1},
  pages		= {121--144},
  year		= {2002}
}

@Article{	  chao2012global,
  title		= {The global spread of drug-resistant influenza},
  author	= {Chao, Dennis L and Bloom, Jesse D and Kochin, Beth F and
		  Antia, Rustom and Longini, Ira M},
  journal	= {Journal of The Royal Society Interface},
  volume	= {9},
  number	= {69},
  pages		= {648--656},
  year		= {2012},
  publisher	= {The Royal Society},
  note		= {\url{http://rsif.royalsocietypublishing.org/content/9/69/648}}
		  
}

@Article{	  chen2001,
  author	= {W. Chen and P. A. Calvo and D. Malide and J. Gibbs and U.
		  Schubert and I. Bacik and S. Basta and R. O'Neill and J.
		  Schickli and P. Palese and P. Henklein and J. R. Bennink
		  and J. W. Yewdell},
  title		= {A novel influenza {A} virus mitochondrial protein that
		  induces cell death},
  journal	= {Nat. Med.},
  year		= {2001},
  volume	= {7},
  pages		= {1306-1312}
}

@Article{	  chen2002,
  author	= {Z. Chen and S. Haykin},
  title		= {On different facets of regularization theory},
  journal	= {Neural Computation},
  volume	= {14},
  pages		= {2791-2846},
  year		= {2002}
}

@Article{	  chen2010,
  author	= {Z. Chen and W. Wang and H. Zhou and A. L. Suguitan and C.
		  Shambaugh and L. Kim and J. Zaho and G. Kemble and H. Jin},
  title		= {Generation of live attenuated novel influenza virus
		  {A/California/7/09 (H1N1)} vaccines with high yield in
		  embryonated chicken eggs},
  journal	= {Journal of Virology},
  year		= {2010},
  pages		= {44-51},
  volume	= {84}
}

@Article{	  cheng2006,
  author	= {J. Cheng and A. Randall and P. Baldi},
  title		= {Prediction of protein stability changes for single-site
		  mutations using support vector machines},
  journal	= {Proteins},
  year		= {2006},
  volume	= {62},
  pages		= {1125-1132}
}

@Article{	  cherry2003,
  title		= {Directed evolution of industrial enzymes: an update},
  author	= {Cherry, Joel R and Fidantsef, Ana L},
  journal	= {Current Opinion in Biotechnology},
  volume	= {14},
  number	= {4},
  pages		= {438--443},
  year		= {2003},
  publisher	= {Elsevier}
}

@Article{	  chiti2000,
  author	= {F. Chiti and N. Taddei and M. Bucciantini and P. White and
		  G. Ramponi and C. M. Dobson},
  title		= {Mutational analysis of the propensity for amyloid
		  formation by a globular protein},
  journal	= {EMBO J.},
  year		= {2000},
  volume	= {19},
  pages		= {1441-1449}
}

@Article{	  chiti2002,
  author	= {F. Chiti and N. Taddei and F. Baroni and C. Capanni and M.
		  Stefani and G. Ramponi and C. M. Dobson},
  title		= {Kinetic partitioning of protein folding and aggregation},
  journal	= {Nat. Struct. Biol.},
  year		= {2002},
  volume	= {9},
  pages		= {137--143}
}

@Article{	  choi2007,
  author	= {S. C. Choi and A. Hobolth and D. M. Robinson and J.
		  Kishino and J. L. Thorne},
  title		= {Quantifying the impact of protein tertiary structure on
		  molecular evolution},
  journal	= {Mol. Biol. Evol.},
  volume	= {24},
  pages		= {1769-1782},
  year		= {2007}
}

@Article{	  chothia1986,
  author	= {C. Chothia and A. M. Lesk},
  title		= {The relation between the divergence of sequence and
		  structure in proteins},
  journal	= {EMBO J.},
  year		= {1986},
  volume	= {5},
  pages		= {823--826}
}

@Article{	  chothia2003,
  author	= {C. Chothia and J. Gough and C. Vogel and S. A Teichmann},
  title		= {Evolution of the protein repertoire},
  journal	= {Science},
  year		= {2003},
  pages		= {1701-1703},
  volume	= {300}
}

@Article{	  chrunyk1993,
  author	= {B. A. Chrunyk and J. Evans and J. Lillquist and P. Young
		  and R. Wetzel},
  title		= {Inclusion body formation and protein stability in sequence
		  variants of interleukin-1$\beta$},
  year		= {1993},
  pages		= {18053-18061},
  volume	= {268}
}

@Article{	  cirino2003,
  author	= {P. C. Cirino and F. H. Arnold},
  title		= {A self-sufficient peroxide-driven hydroxylation
		  biocatalyst},
  journal	= {Angew. Chem. Int. Ed.},
  year		= {2003},
  volume	= {42},
  pages		= {3299--3301}
}

@InBook{	  cirino2003b,
  author	= {P. C. Cirino and K. M. Mayer and D. Umeno},
  chapter	= {Generating mutant libraries using error-prone PCR},
  pages		= {3-9},
  year		= {2003},
  title		= {Directed evolution library creation: methods and
		  protocols},
  publisher	= {Humana Press}
}

@Article{	  cobey2008,
  title		= {Capturing escape in infectious disease dynamics},
  author	= {Cobey, Sarah and Koelle, Katia},
  journal	= {Trends in ecology \& evolution},
  volume	= {23},
  number	= {10},
  pages		= {572--577},
  year		= {2008},
  publisher	= {Elsevier}
}

@Article{	  cochran2006,
  author	= {J. R. Cochran and Y. S. Kim and S. M. Lippow and B. Rao
		  and K. D. Wittrup},
  title		= {Improved mutants from directed evolution are biased to
		  orthologous substitutions},
  journal	= { Protein Eng. Des. Sel.},
  year		= {2006},
  volume	= {19},
  pages		= {245-253}
}

@Article{	  collins2008,
  author	= {P. J. Collins and L. F. Haire and Y. P. Lin and J. Liu and
		  R. J. Russell and P. A. Walkder and J. J. Skehel and S. R.
		  Martin and A. J. Hay and S. J. Gamblin},
  title		= {Crystal structures of oseltamivir-resistant influenza
		  virus neuraminidase mutants},
  journal	= {Nature},
  year		= {2008},
  volume	= {453},
  pages		= {1258-1262}
}

@Article{	  collins2009,
  author	= {P. J. Collins and L. F. Haire and Y. P. Lin and J. Liu and
		  R. J. Russell and P. A. Walker and S. R. Martin and R. S.
		  Daniels and V. Gregory and J. J. Skehel and S. J. Gamblin
		  and A. J. Hay},
  title		= {Structural basis for oseltamivir resistance of influenza
		  viruses},
  journal	= {Vaccine},
  pages		= {6317-6323},
  year		= {2009}
}

@Article{	  cong2013multiplex,
  title		= {Multiplex genome engineering using {CRISPR/Cas} systems},
  author	= {Cong, Le and Ran, F Ann and Cox, David and Lin, Shuailiang
		  and Barretto, Robert and Habib, Naomi and Hsu, Patrick D
		  and Wu, Xuebing and Jiang, Wenyan and Marraffini, Luciano A
		  and others},
  journal	= {Science},
  volume	= {339},
  number	= {6121},
  pages		= {819--823},
  year		= {2013},
  publisher	= {American Association for the Advancement of Science}
}

@Article{	  copley2003,
  author	= {Shelley D. Copley},
  title		= {Enzymes with extra talents: moonlighting functions and
		  catalytic promiscuity},
  journal	= {Curr. Opin. Chem. Biol.},
  year		= {2003},
  volume	= {7},
  pages		= {265-272}
}

@Article{	  copley2004,
  author	= {S. D. Copley and W. R. P. Novak and P. C. Babbitt},
  journal	= {Biochemistry},
  title		= {Divergence of function in the thioredoxin fold
		  suprafamily: evidence for evolution of peroxiredoxins from
		  a thioredoxin-like ancestor},
  year		= {2004},
  volume	= {43},
  pages		= {13981-13995}
}

@Article{	  cowan1997,
  author	= {D. A. Cowan},
  title		= {Thermophilic proteins: stability and function in aqueous
		  and organic solvents},
  journal	= {Comp. Biochem. Physiol.},
  year		= {1997},
  volume	= {118A},
  pages		= {429-438}
}

@Article{	  crooks2004,
  title		= {WebLogo: a sequence logo generator},
  author	= {Crooks, Gavin E and Hon, Gary and Chandonia, John-Marc and
		  Brenner, Steven E},
  journal	= {Genome research},
  volume	= {14},
  number	= {6},
  pages		= {1188--1190},
  year		= {2004},
  publisher	= {Cold Spring Harbor Lab},
  doi		= {10.1101/gr.849004}
}

@Article{	  cryle2006,
  author	= {M. J. Cryle and R. D. Espinoza and S. J. Smith and N. J.
		  Matovic and J. J. De Voss},
  title		= {Are branched chain fatty acids the natural substrates for
		  {P450 BM3}?},
  journal	= {Chem. Commun.},
  year		= {2006},
  pages		= {2353-2355}
}

@Article{	  cutler2000,
  author	= {D. J. Cutler},
  title		= {The index of dispersion of molecular evolution: slow
		  fluctuations},
  journal	= {J. Theor. Population Biol.},
  volume	= {57},
  year		= {2000},
  pages		= {177-186}
}

@Article{	  cutler2000b,
  author	= {D. J. Cutler},
  title		= {Understanding the overdispersed molecular clock},
  journal	= {Genetics},
  volume	= {154},
  pages		= {1403--1417},
  year		= {2000}
}

@Article{	  dahlgren2001questioning,
  title		= {Questioning to learn and learning to question: Structure
		  and function of problem-based learning scenarios in
		  environmental science education},
  author	= {Dahlgren, Madeleine Abrandt and {\"O}berg, Gunilla},
  journal	= {Higher education},
  volume	= {41},
  number	= {3},
  pages		= {263--282},
  year		= {2001},
  publisher	= {Springer}
}

@Article{	  dai2007,
  author	= {M. Dai and H.E. Fisher and J. Temirov and C. Kiss and M.
		  E. Phipps and P. Pavlik and J. H. Werner and A. R. M.
		  Bradbury},
  title		= {The creation of a novel fluorescent protein guided by
		  consensus engineering},
  journal	= {Protein Eng. Des. Sel.},
  year		= {2007},
  volume	= {20},
  pages		= {69-79}
}

@Article{	  dang2010flu,
  title		= {FLU, an amino acid substitution model for influenza
		  proteins},
  author	= {Dang, Cuong C and Le, Quang S and Gascuel, Olivier and Le,
		  Vinh S},
  journal	= {BMC evolutionary biology},
  volume	= {10},
  number	= {1},
  pages		= {99},
  year		= {2010},
  publisher	= {BioMed Central Ltd}
}

@Book{		  darwin1872origin,
  author	= {C. Darwin},
  title		= {On the Origin of Species by Means of Natural Selection, or
		  the Preservation of Favoured Races in the Struggle for
		  Life},
  year		= {1872},
  edition	= {6},
  publisher	= {John Murray},
  address	= {London}
}

@Article{	  das2013defining,
  title		= {Defining influenza a virus hemagglutinin antigenic drift
		  by sequential monoclonal antibody selection},
  author	= {Das, Suman R and Hensley, Scott E and Ince, William L and
		  Brooke, Christopher B and Subba, Anju and Delboy, Mark G
		  and Russ, Gustav and Gibbs, James S and Bennink, Jack R and
		  Yewdell, Jonathan W},
  journal	= {Cell host \& microbe},
  volume	= {13},
  number	= {3},
  pages		= {314--323},
  year		= {2013},
  publisher	= {Elsevier}
}

@Article{	  dasilva2010,
  author	= {J. da Silva and M. Coetzer and R. Nedellec and C. Pastore
		  and D. E. Mosier},
  journal	= {Genetics},
  title		= {Fitness epistasis and constraints in adaptation in a human
		  immunodeficiency virus type 1 protein region},
  year		= {2010},
  pages		= {293-303},
  volume	= {185}
}

@Article{	  daugherty1999,
  author	= {P. S. Daugherty and G. Chen and B. L. Iverson and G.
		  Georgiou},
  title		= {Quantitative analysis of the effect of the mutation
		  frequency on the affinity maturation of single chain Fv
		  antibodies},
  journal	= {Proc. Natl. Acad. Sci. USA},
  volume	= {97},
  pages		= {2029--2034},
  year		= {1999}
}

@Article{	  davidson1995,
  author	= {A. R. Davidson and K. J. Lumb and R. T. Sauer},
  year		= {1995},
  title		= {Cooperatively folded proteins in random sequence
		  libraries},
  journal	= {Nat. Struct. Biol.},
  pages		= {856-864},
  volume	= {2}
}

@Article{	  de2013estimating,
  title		= {Estimating empirical codon hidden markov models},
  author	= {De Maio, Nicola and Holmes, Ian and Schl{\"o}tterer,
		  Christian and Kosiol, Carolin},
  journal	= {Molecular Biology and Evolution},
  volume	= {30},
  number	= {3},
  pages		= {725--736},
  year		= {2013},
  publisher	= {SMBE}
}

@Article{	  deom1986host,
  title		= {Host cell-mediated selection of a mutant influenza {A}
		  virus that has lost a complex oligosaccharide from the tip
		  of the hemagglutinin},
  author	= {Deom, Carl M and Caton, Andrew J and Schulze, Irene T},
  journal	= {Proceedings of the National Academy of Sciences},
  volume	= {83},
  number	= {11},
  pages		= {3771--3775},
  year		= {1986},
  publisher	= {National Acad Sciences}
}

@Article{	  depristo2005,
  author	= {M. A. DePristo and D. M. Weinreich and D. L. Hartl},
  title		= {Missense meanderings in sequence space: a biophysical view
		  of protein evolution},
  journal	= {Nat. Rev. Genetics},
  year		= {2005},
  volume	= {6},
  pages		= {678--687}
}

@Article{	  desai2007beneficial,
  title		= {Beneficial mutation--selection balance and the effect of
		  linkage on positive selection},
  author	= {Desai, Michael M and Fisher, Daniel S},
  journal	= {Genetics},
  volume	= {176},
  number	= {3},
  pages		= {1759--1798},
  year		= {2007},
  publisher	= {Genetics Soc America}
}

@Article{	  dharan2009,
  author	= {N. J. Dharan and L. V. Gubareva and J. J. Meyer and M.
		  Okomo-Adhiambo and R. C. McClinton and S. A. Marshall and
		  K. {St.\ George} and S. Epperson and L. Brammer and A. I.
		  Klimov and J. S. Bresee and A. M. Fry },
  title		= {Infections with oseltamivir-resistant influenza {A(H1N1)}
		  virus in the {United} {States}},
  journal	= {JAMA},
  volume	= {301},
  pages		= {1034-41},
  year		= {2009}
}

@Article{	  dilillo2014broadly,
  title		= {Broadly neutralizing hemagglutinin stalk-specific
		  antibodies require {Fc}$\gamma${R} interactions for
		  protection against influenza virus \textit{in vivo}},
  author	= {DiLillo, David J and Tan, Gene S and Palese, Peter and
		  Ravetch, Jeffrey V},
  journal	= {Nature Medicine},
  year		= {2014},
  publisher	= {Nature Publishing Group},
  volume	= {20},
  pages		= {143-151}
}

@Article{	  dill1995,
  author	= {K. A. Dill and S. Bromberg and K. Yue and K. M. Fiebig and
		  D. P. Yee and P. D. Thomas and H. S. Chan},
  title		= {Principles of protein folding -- a perspective from simple
		  exact models},
  journal	= {Protein Sci.},
  year		= {1995},
  pages		= {561--602},
  volume	= {4}
}

@Article{	  dinner2001,
  author	= {A. R. Dinner and M. Karplus},
  title		= {The roles of stability and contact order in determining
		  protein folding rates},
  journal	= {Nature Structural Biology},
  year		= {2001},
  volume	= {8},
  pages		= {21-22}
}

@Article{	  do2005,
  author	= {C. B. Do and M. S. P. Mahabhashyan and M. Brudno and S.
		  Batzoglou},
  title		= {{PROBCONS}: Probabilistic Consistency-based Multiple
		  Sequence Alignment},
  journal	= {Genome Research},
  year		= {2005},
  pages		= {330-340},
  volume	= {15}
}

@Article{	  dobson2004,
  author	= {C. M. Dobson},
  title		= {Principles of protein folding, misfolding, and
		  aggregation},
  journal	= {Seminars in Cell and Developmental Biology},
  year		= {2004},
  pages		= {3--16},
  volume	= {15}
}

@Article{	  donahue2000overcoming,
  title		= {Overcoming the restriction barrier to plasmid
		  transformation of \textit{Helicobacter pylori}},
  author	= {Donahue, John P and Israel, Dawn A and Peek, Richard M and
		  Blaser, Martin J and Miller, Geraldine G},
  journal	= {Molecular microbiology},
  volume	= {37},
  number	= {5},
  pages		= {1066--1074},
  year		= {2000},
  publisher	= {Wiley Online Library}
}

@Book{		  doob1953,
  author	= {J. L. Doob},
  title		= {Stochastic processes},
  publisher	= {John Wiley \& Sons, Inc.},
  year		= {1953},
  address	= {New York}
}

@Article{	  dorer2013natural,
  title		= {Natural competence promotes \textit{Helicobacter pylori}
		  chronic infection},
  author	= {Dorer, Marion S and Cohen, Ilana E and Sessler, Tate H and
		  Fero, Jutta and Salama, Nina R},
  journal	= {Infection and immunity},
  volume	= {81},
  number	= {1},
  pages		= {209--215},
  year		= {2013},
  publisher	= {Am Soc Microbiol}
}

@Article{	  dosreis2009,
  title		= {Using non-homogeneous models of nucleotide substitution to
		  identify host shift events: application to the origin of
		  the 1918 ‘Spanish’influenza pandemic virus},
  author	= {dos Reis, Mario and Hay, Alan J and Goldstein, Richard A},
  journal	= {Journal of molecular evolution},
  volume	= {69},
  number	= {4},
  pages		= {333--345},
  year		= {2009},
  publisher	= {Springer},
  doi		= {10.1007/s00239-009-9282-x}
}

@Article{	  dower1988high,
  title		= {High efficiency transformation of \textit{E. coli} by high
		  voltage electroporation},
  author	= {Dower, William J and Miller, Jeff F and Ragsdale, Charles
		  W},
  journal	= {Nucleic acids research},
  volume	= {16},
  number	= {13},
  pages		= {6127--6145},
  year		= {1988},
  publisher	= {Oxford Univ Press}
}

@Article{	  drlica1997dna,
  title		= {{DNA} gyrase, topoisomerase {IV}, and the 4-quinolones.},
  author	= {Drlica, Karl and Zhao, Xilin},
  journal	= {Microbiology and molecular biology reviews},
  volume	= {61},
  number	= {3},
  pages		= {377--392},
  year		= {1997},
  publisher	= {Am Soc Microbiol}
}

@Article{	  drummond2005,
  author	= {D. A. Drummond and J. D. Bloom and C. Adami and C. O.
		  Wilke and F. H. Arnold},
  title		= {Why highly expressed proteins evolve slowly},
  journal	= {Proc. Natl. Acad. Sci. USA},
  volume	= {102},
  pages		= {14338-14343},
  year		= {2005}
}

@Article{	  drummond2005c,
  author	= {D. A. Drummond and B. L. Iverson and F. Georgiou and F. H.
		  Arnold},
  title		= {Why high--error--rate random mutagenesis libraries are
		  highly enriched in functional and improved proteins},
  year		= {2005},
  journal	= {J. Mol. Biol.},
  volume	= {350},
  pages		= {806-816}
}

@Article{	  drummond2005d,
  author	= {D. A. Drummond and J. J. Silberg and M. M. Meyer and C. O.
		  Wilke and F. H. Arnold},
  title		= {On the conservative nature of intragenic recombination},
  journal	= {Proc. Natl. Acad. Sci. USA},
  year		= {2005},
  pages		= {5380-5385},
  volume	= {102}
}

@Article{	  drummond2006,
  author	= {D. A. Drummond and A. Raval and C. O. Wilke},
  title		= {A single determinant dominates the rate of yeast protein
		  evolution},
  journal	= {Mol. Biol. Evol.},
  year		= {2006},
  volume	= {23},
  pages		= {327-337}
}

@Article{	  drummond2007beast,
  title		= {{BEAST}: Bayesian evolutionary analysis by sampling
		  trees},
  author	= {Drummond, Alexei J and Rambaut, Andrew},
  journal	= {BMC evolutionary biology},
  volume	= {7},
  number	= {1},
  pages		= {214},
  year		= {2007},
  publisher	= {BioMed Central Ltd}
}

@Article{	  drummond2008,
  author	= {D. A. Drummond and C. O. Wilke},
  title		= {Mistranslation-induced protein folding as a dominant
		  constraint on coding-sequence evolution},
  journal	= {Cell},
  volume	= {134},
  pages		= {341-352},
  year		= {2008}
}

@Article{	  duan2010,
  author	= {S. Duan and D. A. Boltz and P. Seiler and J. Li and K.
		  Bragstad and L. P. Nielsen and R. J. Webby and R. G.
		  Webster and E. A. Govorkova },
  title		= {Oseltamivir-Resistant Pandemic {H1N1/2009} Influenza Virus
		  Possesses Lower Transmissibility and Fitness in Ferrets},
  journal	= {PLoS Pathog.},
  volume	= {6},
  pages		= {e1001022},
  year		= {2010}
}

@Article{	  duffy2008rates,
  title		= {Rates of evolutionary change in viruses: patterns and
		  determinants},
  author	= {Duffy, Siobain and Shackelton, Laura A and Holmes, Edward
		  C},
  journal	= {Nature Reviews Genetics},
  volume	= {9},
  number	= {4},
  pages		= {267--276},
  year		= {2008},
  publisher	= {Nature Publishing Group}
}

@Article{	  dugan2008,
  author	= {V. G. Dugan and R. Chen and D. J. Spiro and N. Sengamalay
		  and J. Zaborsky and E. Ghedin and J. Nolting and D. E.
		  Swayne and J. A. Runstadler and G. M. Happ and D. A. Senne
		  and R. Wang and R. D. Slemons and E. C. Holmes and J. K.
		  Taubenberger},
  title		= {The evolutionary genetics and emergence of avian influenza
		  viruses in wild birds},
  journal	= {PLoS Pathogens},
  year		= {2008},
  volume	= {4},
  pages		= {5}
}

@Article{	  earl2004,
  author	= {D. J. Earl and M. W. Deem},
  title		= {Evolvability is a selectable trait},
  journal	= {Proc. Natl. Acad. Sci. USA},
  volume	= {101},
  year		= {2004},
  pages		= {11531--11536}
}

@Book{		  eck1966atlas,
  title		= {Atlas of Protein Sequence and Structure},
  author	= {Eck, Richard V and Dayhoff, Margaret O},
  year		= {1966},
  publisher	= {National Biomedical Research Foundation, Silver Spring}
}

@Article{	  eckert2009multilocus,
  title		= {Multilocus patterns of nucleotide diversity and divergence
		  reveal positive selection at candidate genes related to
		  cold hardiness in coastal Douglas fir (Pseudotsuga
		  menziesii var. menziesii)},
  author	= {Eckert, Andrew J and Wegrzyn, Jill L and Pande, Barnaly
		  and Jermstad, Kathleen D and Lee, Jennifer M and Liechty,
		  John D and Tearse, Brandon R and Krutovsky, Konstantin V
		  and Neale, David B},
  journal	= {Genetics},
  volume	= {183},
  number	= {1},
  pages		= {289--298},
  year		= {2009},
  publisher	= {Genetics Soc America}
}

@Article{	  edgar2004,
  author	= {R. C. Edgar},
  title		= {{MUSCLE}: multiple sequence alignment with high accuracy
		  and high throughput},
  journal	= {Nucleic Acids Res.},
  volume	= {32},
  year		= {2004},
  pages		= {1792-1797}
}

@Article{	  eijsink2005,
  title		= {Directed evolution of enzyme stability},
  author	= {Eijsink, Vincent GH and G{\aa}seidnes, Sigrid and
		  Borchert, Torben V and van den Burg, Bertus},
  journal	= {Biomolecular engineering},
  volume	= {22},
  number	= {1},
  pages		= {21--30},
  year		= {2005},
  publisher	= {Elsevier}
}

@Article{	  eisen1995reca,
  title		= {The {RecA} protein as a model molecule for molecular
		  systematic studies of bacteria: comparison of trees of
		  {RecA}s and {16S rRNAs} from the same species},
  author	= {Eisen, Jonathan A},
  journal	= {Journal of molecular evolution},
  volume	= {41},
  number	= {6},
  pages		= {1105--1123},
  year		= {1995},
  publisher	= {Springer}
}

@Article{	  eldredge1972,
  title		= {Punctuated equilibria: an alternative to phyletic
		  gradualism},
  author	= {Eldredge, Niles and Gould, Stephen Jay},
  journal	= {Models in paleobiology},
  volume	= {82},
  pages		= {115},
  year		= {1972},
  publisher	= {San Francisco}
}

@Article{	  ellis1998,
  author	= {R. J. Ellis and C. M. Dobson and U. Hartl},
  title		= {Sequence does specify protein conformation},
  journal	= {Trends Biochem. Sci.},
  pages		= {468--468},
  year		= {1998},
  volume	= {23}
}

@Article{	  ellis2001,
  author	= {R. J. Ellis},
  title		= {Macromolecular crowding: an important but neglected aspect
		  of the intracellular environment},
  year		= {2001},
  journal	= {Curr. Opin. Struct. Biol.},
  volume	= {11},
  pages		= {114-119}
}

@Article{	  england2003a,
  author	= {J. L. England and E. I. Shakhnovich},
  title		= {Structural determinant of protein designability},
  journal	= {Phys. Rev. Lett.},
  volume	= {90},
  pages		= {218101},
  year		= {2003}
}

@Article{	  england2003b,
  author	= {J. L. England and B. E. Shakhnovich and E. I.
		  Shakhnovich},
  title		= {Natural selection of more designable folds: a mechanism
		  for thermophilic adaptation},
  journal	= {Proc. Natl. Acad. Sci. USA},
  volume	= {100},
  year		= {2003},
  pages		= {8727--8731}
}

@Book{		  ewens2005,
  author	= {W. J. Ewens and G. R. Grant},
  title		= {Statistical methods in bioinformatics},
  publisher	= {Springer},
  year		= {2005},
  edition	= {2},
  address	= {New York, NY}
}

@Article{	  fasan2008,
  author	= {R. Fasan and Y. T. Meharenna and C. D. Snow and T. L.
		  Poulos and F. H. Arnold},
  title		= {Evolutionary history of a specialized {P}450 propane
		  monooxygenase},
  journal	= {J. Mol. Biol.},
  year		= {2008},
  volume	= {383},
  pages		= {1069-1080}
}

@Article{	  felsenstein1973,
  author	= {J. Felsenstein},
  title		= {Maximum likelihood and minimum-step methods for estimating
		  evolutionary trees from data on discrete characters},
  journal	= {Systematic Zoology},
  year		= {1973},
  pages		= {240-249},
  volume	= {22}
}

@Article{	  felsenstein1978cases,
  title		= {Cases in which parsimony or compatibility methods will be
		  positively misleading},
  author	= {Felsenstein, Joseph},
  journal	= {Systematic Biology},
  volume	= {27},
  number	= {4},
  pages		= {401--410},
  year		= {1978},
  publisher	= {Oxford University Press}
}

@Article{	  felsenstein1981,
  author	= {J. Felsenstein},
  title		= {Evolutionary trees from {DNA} sequences: a maximum
		  likelihood approach},
  journal	= {J. Mol. Evol.},
  year		= {1981},
  pages		= {368-376},
  volume	= {17}
}

@Book{		  felsenstein2004,
  author	= {J. Felsenstein},
  title		= {Inferring phylogenies},
  year		= {2004},
  publisher	= {Sinauer Associates, Inc.},
  address	= {Sunderland, Massachusetts}
}

@Misc{		  felsenstein2004b,
  author	= {J. Felsenstein},
  title		= {{PHYLIP (Phylogeny Inference Package)} version 3.67},
  year		= {2007},
  note		= {\textit{Distributed by the author. Department of Genome
		  Sciences, University of Washington, Seattle}}
}

@Misc{		  felsensteinphylip,
  author	= {J. Felsenstein},
  title		= {{PHYLIP (Phylogeny Inference Package)} version 3.69},
  year		= {2009},
  note		= {\textit{Distributed by the author. Department of Genome
		  Sciences, University of Washington, Seattle}}
}

@Book{		  fersht1999,
  author	= {A. R. Fersht},
  title		= {Structure and Mechanism in Protein Science},
  publisher	= {W. H. Freeman and Company},
  year		= {1999},
  address	= {New York}
}

@Article{	  fersht2000,
  author	= {A. R. Fersht},
  title		= {Transition-state structure as a unifying basis in
		  protein-folding mechanisms: contact order, chain topology,
		  stabiity, and the extended nucleus mechanism},
  journal	= {Proc. Natl. Acad. Sci. USA},
  year		= {2000},
  volume	= {97},
  pages		= {1525-1529}
}

@Article{	  fields2001,
  author	= {P. A. Fields},
  title		= {Review: protein function at thermal extremes: balancing
		  stability and flexibility},
  journal	= {Comp. Biochem. Physiol. A},
  year		= {2001},
  volume	= {129},
  pages		= {417-431}
}

@Article{	  findlay2014saturation,
  title		= {Saturation editing of genomic regions by multiplex
		  homology-directed repair},
  author	= {Findlay, Gregory M and Boyle, Evan A and Hause, Ronald J
		  and Klein, Jason C and Shendure, Jay},
  journal	= {Nature},
  volume	= {513},
  number	= {7516},
  pages		= {120--123},
  year		= {2014},
  publisher	= {Nature Publishing Group}
}

@Article{	  firnberg2012,
  author	= {E. Firnberg and M. Ostermeier},
  journal	= {PLoS One},
  year		= {2012},
  title		= {{PF}unkel: efficient, expansive, user-defined
		  mutagenesis},
  volume	= {7},
  pages		= {e52031}
}

@Article{	  firnberg2014comprehensive,
  title		= {A comprehensive, high-resolution map of a gene's fitness
		  landscape},
  author	= {Firnberg, Elad and Labonte, Jason W and Gray, Jeffrey J
		  and Ostermeier, Marc},
  journal	= {Mol. Biol. Evol.},
  volume	= {31},
  number	= {6},
  pages		= {1581--1592},
  year		= {2014},
  publisher	= {SMBE}
}

@Article{	  fisher2012pandemic,
  title		= {Pandemic influenza {A H1N1} 2009 infection versus
		  vaccination: a cohort study comparing immune responses in
		  pregnancy},
  author	= {Fisher, Barbra M and Van Bockern, Janice and Hart, Jan and
		  Lynch, Anne M and Winn, Virginia D and Gibbs, Ronald S and
		  Weinberg, Adriana},
  journal	= {PloS one},
  volume	= {7},
  number	= {3},
  pages		= {e33048},
  year		= {2012},
  publisher	= {Public Library of Science}
}

@Article{	  fitch1967construction,
  title		= {Construction of phylogenetic trees},
  author	= {Fitch, Walter M and Margoliash, Emanuel and others},
  journal	= {Science},
  volume	= {155},
  number	= {760},
  pages		= {279--284},
  year		= {1967}
}

@Article{	  flores2002,
  author	= {H. Flores and A. D. Ellington},
  title		= {Increasing the thermal stability of an oligomeric protein,
		  beta-glucuronidase},
  journal	= {J. Mol. Biol.},
  year		= {2002},
  pages		= {325-337},
  volume	= {315}
}

@Article{	  fontana1998,
  author	= {W. Fontana and P. Schuster},
  journal	= {Science},
  volume	= {280},
  pages		= {1451-1455},
  year		= {1998},
  title		= {Continuity in evolution: on the nature of transitions}
}

@Article{	  fonze1995tem1,
  title		= {{TEM1}-lactamase structure solved by molecular replacement
		  and refined structure of the {S235A} mutant},
  author	= {Fonz{\'e}, E and Charlier, Paulette and To'Th, Y and
		  Vermeire, M and Raquet, X and Dubus, Alice and Frere, J-M},
  journal	= {Acta Crystallographica Section D: Biological
		  Crystallography},
  volume	= {51},
  number	= {5},
  pages		= {682--694},
  year		= {1995},
  publisher	= {International Union of Crystallography}
}

@Article{	  fornasari2002,
  author	= {M. S. Fornasari and G. Parisi and J. Echave},
  title		= {Site-specific amino acid replacement matrices from
		  structurally constrained protein evolution simulations},
  journal	= {Mol. Biol. Evol.},
  year		= {2002},
  volume	= {19},
  pages		= {352-356}
}

@Article{	  fowler2010high,
  title		= {High-resolution mapping of protein sequence-function
		  relationships},
  author	= {Fowler, Douglas M and Araya, Carlos L and Fleishman, Sarel
		  J and Kellogg, Elizabeth H and Stephany, Jason J and Baker,
		  David and Fields, Stanley},
  journal	= {Nat. Methods},
  volume	= {7},
  number	= {9},
  pages		= {741--746},
  year		= {2010},
  publisher	= {Nature Publishing Group}
}

@Article{	  fowler2011enrich,
  title		= {Enrich: software for analysis of protein function by
		  enrichment and depletion of variants},
  author	= {Fowler, Douglas M and Araya, Carlos L and Gerard, Wayne
		  and Fields, Stanley},
  journal	= {Bioinformatics},
  volume	= {27},
  number	= {24},
  pages		= {3430--3431},
  year		= {2011},
  publisher	= {Oxford Univ Press}
}

@Article{	  fowler2014deep,
  title		= {Deep mutational scanning: a new style of protein science},
  author	= {Fowler, Douglas M and Fields, Stanley},
  journal	= {Nature methods},
  volume	= {11},
  number	= {8},
  pages		= {801--807},
  year		= {2014},
  publisher	= {Nature Publishing Group}
}

@Book{		  franklin1968,
  author	= {J. N. Franklin},
  title		= {Matrix Theory},
  year		= {1968},
  publisher	= {Prentice-Hall, Inc.},
  address	= {Englewood Cliffs, N.J.}
}

@Article{	  gamblin2004,
  author	= {S. J. Gamblin and L. F. Haire and R. J. Russell and D. J.
		  Stevens and B. Xiao and Y. Ha and N. Vasisht and D. A.
		  Steinhauer and R. S. Daniels and A. Elliot and D. C. Wiley
		  and J. J. Skehel},
  title		= {The structure and receptor binding properties of the 1918
		  influenza hemagglutinin},
  journal	= {Science},
  volume	= {303},
  year		= {2004},
  pages		= {1838-1842}
}

@Book{		  gantmacher1959,
  author	= {F. R. Gantmacher},
  title		= {Applications of the Theory of Matrices},
  year		= {1959},
  publisher	= {Interscience Publishers, Inc.},
  address	= {New York}
}

@Article{	  garcia-mira2004,
  author	= {M. M. Garcia-Mira and D. Boehringer and F. X. Schmid},
  title		= {The folding transition state of the cold shock protein is
		  strongly polarized},
  journal	= {J. Mol. Biol.},
  year		= {2004},
  volume	= {339},
  pages		= {555-569}
}

@Article{	  garrett2004,
  author	= {J. B. Garrett and K. A. Kretz and E. O'Donoghue and J.
		  Kerovuo and W. Kim and N. R. Barton and G. P. Hazlewood and
		  J. M. Short and D. E. Robertson and K. A. Gray},
  title		= {Enhancing the thermal tolerance and gastric performance of
		  a microbial phytase for use as a phosphate-mobilizing
		  monogastric-feed supplement},
  journal	= {Appl. Environ. Microbiol.},
  year		= {2004},
  volume	= {70},
  pages		= {3041-3046}
}

@Article{	  gelman1992inference,
  title		= {Inference from iterative simulation using multiple
		  sequences},
  author	= {Gelman, Andrew and Rubin, Donald B},
  journal	= {Statistical science},
  pages		= {457--472},
  year		= {1992},
  publisher	= {JSTOR}
}

@Article{	  genov1995,
  author	= {N. Genov and B. Filippi and P. Dolashka and K. W. Wilson
		  and C. Betzel},
  title		= {Stability of subtilisins and related proteins
		  (subtilases)},
  journal	= {Int. J. Peptide Protein Res.},
  volume	= {45},
  year		= {1995},
  pages		= {391--400}
}

@InBook{	  georgescu2003,
  chapter	= {Saturation mutagenesis},
  author	= {Georgescu, Radu and Bandara, Geethani and Sun, Lianhong},
  title		= {Directed evolution library creation},
  pages		= {75--83},
  year		= {2003},
  publisher	= {Springer}
}

@Article{	  gil2013codonphyml,
  title		= {{CodonPhyML}: fast maximum likelihood phylogeny estimation
		  under codon substitution models},
  author	= {Gil, Manuel and Zanetti, Marcelo Serrano and Zoller,
		  Stefan and Anisimova, Maria},
  journal	= {Molecular Biology and Evolution},
  pages		= {mst034},
  year		= {2013},
  publisher	= {SMBE}
}

@Article{	  gilis1997,
  author	= {D. Gilis and M. Rooman},
  title		= {Predicting protein stability changes upon mutation using
		  database--derived potentials: solvent accessibility
		  determines the importance of local versus non-local
		  interactions along the sequence},
  journal	= {J. Mol. Biol.},
  volume	= {272},
  year		= {1997},
  pages		= {276--290}
}

@Article{	  gilis2000,
  author	= {D. Gilis and M. Rooman},
  title		= {{PoPMuSiC}, an algorithm for predicting protein mutant
		  stability changes. Application to prion proteins},
  journal	= {Protein Eng.},
  volume	= {13},
  pages		= {849--856},
  year		= {2000}
}

@Book{		  gillespie1991,
  author	= {J. H. Gillespie},
  title		= {The Causes of Molecular Evolution},
  publisher	= {Oxford University Press},
  year		= {1991},
  address	= {Oxford, United Kingdom}
}

@Article{	  giver1998,
  author	= {L. Giver and A. Gershenson and P. O. Freskgard and F. H.
		  Arnold},
  title		= {Directed evolution of a thermostable esterase},
  journal	= {Proc. Natl. Acad. Sci. USA},
  volume	= {95},
  pages		= {12809--12813},
  year		= {1998}
}

@Article{	  glieder2002,
  author	= {A. Glieder and E. T. Farinas and F. H. Arnold},
  journal	= {Nat. Biotech.},
  title		= {Laboratory evolution of a soluble, self-sufficient, highly
		  active alkane hydroxylase},
  volume	= {20},
  pages		= {1135-1139},
  year		= {2002}
}

@Article{	  godoy-ruiz2004,
  author	= {R. Godoy-Ruiz and R. Perez-Jimenez and B. Ibarra-Molero
		  and J. M. Sanchez-Ruiz},
  title		= {Relation between protein stability, evolution and
		  structure as probed by carboxylic acid mutations},
  journal	= {J. Mol. Biol.},
  year		= {2004},
  volume	= {336},
  pages		= {313-318}
}

@Article{	  godoy-ruiz2005,
  author	= {R. Godoy-Ruiz and R. Perez-Jimenez and B. Ibarra-Molero
		  and J. M. Sanchez-Ruiz},
  title		= {A stability pattern of hydrophobic mutations that reflects
		  evolutionary structural optimization},
  journal	= {Biophysical J.},
  year		= {2005},
  volume	= {89},
  pages		= {3320-3331}
}

@Article{	  godoy-ruiz2006,
  author	= {R. Godoy-Ruiz and F. Ariza and D Rodriguez-Larrea and R.
		  Perez-Jimenez and B. Ibarra-Molero and J. M. Sanchez-Ruiz},
  title		= {Natural selection for kinetic stability is a likely origin
		  of correlations between mutational effects on protein
		  energetics and frequencies of amino acid occurrences in
		  sequence alignments},
  journal	= {J. Mol. Biol.},
  volume	= {362},
  year		= {2006},
  pages		= {966-978}
}

@Article{	  goldman1994,
  author	= {N. Goldman and Z. Yang},
  title		= {A codon-based model of nucleotide substitution
		  probabilities for protein-coding {DNA} sequences},
  journal	= {Mol. Biol. Evol.},
  year		= {1994},
  pages		= {725-736},
  volume	= {11}
}

@Article{	  goldman1998,
  author	= {N. Goldman and J. L. Thorne and D. T. Jones},
  year		= {1998},
  title		= {Assessing the impact of secondary structure and solvent
		  accessibility on protein evolution},
  journal	= {Genetics},
  volume	= {149},
  pages		= {445-458}
}

@Article{	  golub1986,
  author	= {G. H. Golub and C. D. Meyer},
  title		= {Using the {QR} factorization and group inversion to
		  compute, differentiate, and estimate the sensitivity of
		  stationary probabilities for {M}arkov chains},
  journal	= {SIAM J. Alg. Disc. Meth.},
  year		= {1986},
  pages		= {273-281},
  volume	= {7}
}

@Article{	  gong2013,
  author	= {L. I. Gong and M. A. Suchard and J. D. Bloom},
  title		= {Stability-mediated epistasis constrains the evolution of
		  an influenza protein},
  journal	= {eLife},
  year		= {2013},
  doi		= {10.7554/eLife.00631},
  volume	= {2},
  pages		= {e00631},
  note		= {\url{http://elifesciences.org/content/2/e00631}}
}

@Article{	  gong2014epistatically,
  title		= {Epistatically Interacting Substitutions Are Enriched
		  during Adaptive Protein Evolution},
  author	= {Gong, Lizhi Ian and Bloom, Jesse D},
  journal	= {PLoS Genetics},
  volume	= {10},
  number	= {5},
  pages		= {e1004328},
  year		= {2014},
  publisher	= {Public Library of Science},
  note		= {\url{http://dx.doi.org/10.1371/journal.pgen.1004328}}
}

@Article{	  goto1998,
  title		= {A novel mechanism for the acquisition of virulence by a
		  human influenza {A} virus},
  author	= {Goto, Hideo and Kawaoka, Yoshihiro},
  journal	= {Proc. Natl. Acad. Sci. USA},
  volume	= {95},
  number	= {17},
  pages		= {10224--10228},
  year		= {1998},
  doi		= {10.1073/pnas.95.17.10224}
}

@Article{	  govindarajan1996,
  author	= {S. Govindarajan and R. A. Goldstein},
  title		= {Why are some protein structures so common?},
  journal	= {Proc. Natl. Acad. Sci. USA},
  volume	= {93},
  pages		= {3341--3345},
  year		= {1996}
}

@Article{	  govindarajan1997,
  author	= {S. Govindarajan and R. A. Goldstein},
  title		= {The foldability landscape of model proteins},
  journal	= {Biopolymers},
  volume	= {42},
  pages		= {427--438},
  year		= {1997}
}

@Article{	  govindarajan2003,
  author	= {S. Govindarajan and J. E. Ness and S. Kim and E. C.
		  Mundorff and J. Minshull and C. Gusafsson},
  title		= {Systematic variation of amino acid substitutions for
		  stringent assessment of pairwise covariation},
  journal	= {J. Mol. Biol.},
  volume	= {328},
  year		= {2003},
  pages		= {1061-1069}
}

@Article{	  gray2001,
  author	= {K. A. Gray and T. H. Richardson and K. Kretz and J. M.
		  Short and F. Bartnek and R. Knowles and L. Kan and P. E.
		  Swanson and D. E. Robertson},
  title		= {Rapid evolution of reversible denaturation and elevated
		  melting temperature in a microbial haloalkane
		  dehalogenase},
  journal	= {Advanced Synthesis and Catalysis},
  year		= {2001},
  pages		= {607-617},
  volume	= {343}
}

@Article{	  graycar1999,
  author	= {T. Graycar and M. Knapp and G. Ganshaw and J. Dauberman
		  and R. Bott},
  title		= {Engineering \textit{Bacillus lentus} subtilisins having
		  altered flexibility},
  journal	= {J. Mol. Biol.},
  volume	= {292},
  pages		= {97--109},
  year		= {1999}
}

@Article{	  gribenko2007,
  author	= {A. V. Gribenko and G. I. Makhatadze},
  title		= {Role of the charge-charge interactions in defining
		  stability and halophilicity of the {CspB} proteins},
  journal	= {J. Mol. Biol.},
  year		= {2007},
  volume	= {366},
  pages		= {842-856}
}

@Article{	  gribenko2009,
  author	= {A. V. Gribenko},
  title		= {Rational stabilization of enzymes by computational
		  redesign of surface charge-charge interactions},
  journal	= {Proc. Natl. Acad. Sci. USA},
  year		= {2009},
  volume	= {106},
  pages		= {2601-2606}
}

@Article{	  gromiha1999,
  author	= {M. M. Gromiha and M. Oobatake and H. Kono and H. Uedaira
		  and A. Sarai},
  title		= {Role of structural and sequence information in the
		  prediction of protein stability changes: comparison between
		  buried and partially buried mutations},
  year		= {1999},
  volume	= {12},
  pages		= {549-555},
  journal	= {Prot. Engineering}
}

@Article{	  gubareva2001,
  author	= {L. V. Gubareva and L. Kaiser and M. N. Matrosovich and Y.
		  Soo-Hoo and F. G. Hayden},
  title		= {Selection of influenza virus mutants in experimentally
		  infected volunteers treated with oseltamivir},
  journal	= {J. Infect. Dis.},
  year		= {2001},
  volume	= {183},
  pages		= {523-531}
}

@Article{	  guerois2002,
  author	= {R. Guerois and J. E. Nielsen and L. Serrano},
  title		= {Predicting changes in the stability of proteins and
		  protein complexes: a study of more than 1000 mutations},
  journal	= {J. Mol. Biol.},
  volume	= {320},
  pages		= {369--387},
  year		= {2002}
}

@Article{	  gulati2002,
  title		= {Antibody epitopes on the neuraminidase of a recent {H3N2}
		  influenza virus {(A/Memphis/31/98)}},
  author	= {Gulati, Upma and Hwang, Chi-Ching and Venkatramani,
		  Lalitha and Gulati, Shelly and Stray, Stephen J and Lee,
		  Janis T and Laver, W Graeme and Bochkarev, Alexey and
		  Zlotnick, Adam and Air, Gillian M},
  journal	= {Journal of Virology},
  volume	= {76},
  number	= {23},
  pages		= {12274--12280},
  year		= {2002},
  publisher	= {Am Soc Microbiol}
}

@Article{	  guo2004,
  author	= {H. H. Guo and J. Choe and L. A. Loeb},
  title		= {Protein tolerance to random amino acid change},
  journal	= {Proc. Natl. Acad. Sci. USA},
  volume	= {101},
  pages		= {9205--9210},
  year		= {2004}
}

@Article{	  haines2001,
  author	= {D. C. Haines and D. R. Tomchick and M. Machius and J. A.
		  Peterson},
  title		= {Pivotal role of water in the mechanism of {P450BM-3}},
  journal	= {Biochemistry},
  volume	= {40},
  pages		= {13456--13465},
  year		= {2001}
}

@Article{	  halligan2009spontaneous,
  title		= {Spontaneous mutation accumulation studies in evolutionary
		  genetics},
  author	= {Halligan, Daniel L and Keightley, Peter D},
  journal	= {Annual Review of Ecology, Evolution, and Systematics},
  volume	= {40},
  pages		= {151--172},
  year		= {2009},
  publisher	= {Annual Reviews}
}

@Article{	  halpern1998,
  title		= {Evolutionary distances for protein-coding sequences:
		  modeling site-specific residue frequencies.},
  author	= {Halpern, Aaron L and Bruno, William J},
  journal	= {Mol. Biol. Evol.},
  volume	= {15},
  number	= {7},
  pages		= {910--917},
  year		= {1998},
  publisher	= {SMBE}
}

@Article{	  hamelin2010,
  author	= {Hamelin, Marie-\`Eve AND Baz, Mariana AND Abed, Yacine AND
		  Couture, Christian AND Joubert, Philippe AND Beaulieu,
		  \'Edith AND Bellerose, Nathalie AND Plante, Martin AND
		  Mallett, Corey AND Schumer, Gregg AND Kobinger, Gary P. AND
		  Boivin, Guy},
  journal	= {PLoS Pathog.},
  title		= {Oseltamivir-Resistant Pandemic {A/H1N1} Virus Is as
		  Virulent as Its Wild-Type Counterpart in Mice and Ferrets},
  year		= {2010},
  volume	= {6},
  pages		= {e1001015}
}

@Article{	  hartl1994,
  author	= {D. L. Hartl and E. N. Moriyama and S. A. Sawyer},
  title		= {Selection intensity for codon bias},
  journal	= {Genetics},
  volume	= {138},
  pages		= {227-234},
  year		= {1994}
}

@Article{	  haruki1994,
  author	= {M. Haruki and E. Noguchi and A. Akasako and M. Oobatake
		  and M. Itaya and S. Kanaya},
  title		= {A novel screening strategy for stabilization of
		  \textit{Escherichia coli} ribonuclease {HI} involving a
		  screen for an intragenic suppressor of carboxyl-terminal
		  deletions},
  journal	= {J. Biol. Chem.},
  year		= {1994},
  pages		= {26904-26911},
  volume	= {269}
}

@Article{	  hasegawa1985dating,
  title		= {Dating of the human-ape splitting by a molecular clock of
		  mitochondrial DNA},
  author	= {Hasegawa, Masami and Kishino, Hirohisa and Yano,
		  Taka-aki},
  journal	= {Journal of molecular evolution},
  volume	= {22},
  number	= {2},
  pages		= {160--174},
  year		= {1985},
  publisher	= {Springer}
}

@Article{	  hazenbos1996impaired,
  title		= {Impaired {IgG}-dependent anaphylaxis and Arthus reaction
		  in {Fc$\gamma$RIII (CD16)} deficient mice},
  author	= {Hazenbos, Wouter LW and Gessner, J Engelbert and Hofhuis,
		  Frans and Kuipers, Henri and Meyer, Dirk and Heijnen,
		  Ingmar AFM and Schmidt, Reinhold E and Sandor, Matyas and
		  Capel, Peter JA and Da{\"e}ron, Marc and others},
  journal	= {Immunity},
  volume	= {5},
  number	= {2},
  pages		= {181--188},
  year		= {1996},
  publisher	= {Elsevier}
}

@Article{	  heaton2013genome,
  title		= {Genome-wide mutagenesis of influenza virus reveals unique
		  plasticity of the hemagglutinin and {NS1} proteins},
  author	= {Heaton, Nicholas S and Sachs, David and Chen, Chi-Jene and
		  Hai, Rong and Palese, Peter},
  journal	= {Proceedings of the National Academy of Sciences},
  volume	= {110},
  number	= {50},
  pages		= {20248--20253},
  year		= {2013},
  publisher	= {National Acad Sciences}
}

@Article{	  hellinga1992,
  author	= {H. W. Hellinga and R. Wynn and F. M. Richards},
  title		= {The hydrophobic core of \textit{Escherichia coli}
		  thioredoxin shows a high tolerance to nonconservative
		  single amino acid substitutions},
  journal	= {Biochemistry},
  volume	= {31},
  pages		= {11203-11209},
  year		= {1992}
}

@Article{	  hensley2011,
  author	= {S. E. Hensley and S. R. Das and J. S. Gibbs and A. L.
		  Bailey and L. M. Schmidt and J. R. Bennink and J. W.
		  Yewdell},
  journal	= {PLoS One},
  title		= {Influenza {A} virus hemagglutinin antibody escape promotes
		  neuraminidase antigenic variation and drug resistance},
  year		= {2011},
  volume	= {6},
  number	= {e15190}
}

@Article{	  herlocher2004,
  author	= {M. L. Herlocher and R. Truscon and S. Elias and H. L. Yen
		  and N. A. Roberts and S. E. Ohmit and A. S. Monto},
  title		= {Influenza viruses resistant to the antiviral drug
		  oseltamivir: transmission studies in ferrets},
  journal	= {J. Infect. Dis.},
  year		= {2004},
  pages		= {1627-1630},
  volume	= {190}
}

@Article{	  hermisson2002,
  author	= {J. Hermisson and O. Redner and H. Wagner and E. Baake},
  title		= {Mutation-selection balance: ancestry, load, and maximum
		  principle},
  journal	= {Theor. Pop. Biol.},
  year		= {2002},
  volume	= {62},
  pages		= {9--46}
}

@Article{	  hershberg2010evidence,
  title		= {Evidence that mutation is universally biased towards AT in
		  bacteria},
  author	= {Hershberg, Ruth and Petrov, Dmitri A},
  journal	= {PLoS Genetics},
  volume	= {6},
  number	= {9},
  pages		= {e1001115},
  year		= {2010},
  publisher	= {Public Library of Science}
}

@Article{	  hiatt2010parallel,
  title		= {Parallel, tag-directed assembly of locally derived short
		  sequence reads},
  author	= {Hiatt, Joseph B and Patwardhan, Rupali P and Turner, Emily
		  H and Lee, Choli and Shendure, Jay},
  journal	= {Nat. Methods},
  volume	= {7},
  number	= {2},
  pages		= {119--122},
  year		= {2010},
  publisher	= {Nature Publishing Group}
}

@Article{	  higuchi1988,
  author	= {R. Higuchi and B. Krummel and R. K. Saiki},
  title		= {A general method of \textit{in vitro} preparation and
		  specific mutagenesis of {DNA} fragments: study of protein
		  and {DNA} interactions},
  journal	= {Nucleic Acids Res.},
  volume	= {16},
  year		= {1988},
  pages		= {7351--7367}
}

@Article{	  hinds1994,
  author	= {D. A. Hinds and M. Levitt},
  title		= {Exploring conformational space with a simple lattice model
		  for protein--structure},
  journal	= {J. Mol. Biol.},
  pages		= {668--682},
  year		= {1994},
  volume	= {243}
}

@Article{	  hirst1943studies,
  title		= {Studies of antigenic differences among strains of
		  influenza {A} by means of red cell agglutination},
  author	= {Hirst, George K},
  journal	= {The Journal of Experimental Medicine},
  volume	= {78},
  number	= {5},
  pages		= {407--423},
  year		= {1943},
  publisher	= {Rockefeller Univ Press}
}

@Article{	  hoffmann2000,
  author	= {E. Hoffmann and G. Neumann and Y. Kawaoka and G. Hobom and
		  R. G. Webster},
  title		= {A {DNA} transfection system for generation of influenza
		  {A} virus from eight plasmids},
  journal	= {Proc. Natl. Acad. Sci. USA},
  year		= {2000},
  volume	= {97},
  pages		= {6108-6113}
}

@Article{	  holmes2003molecular,
  title		= {Molecular clocks and the puzzle of {RNA} virus origins},
  author	= {Holmes, Edward C},
  journal	= {Journal of Virology},
  volume	= {77},
  number	= {7},
  pages		= {3893--3897},
  year		= {2003},
  publisher	= {Am Soc Microbiol}
}

@Article{	  hooper2013mutant,
  title		= {A mutant influenza virus that uses an {N1} neuraminidase
		  as the receptor-binding protein},
  author	= {Hooper, Kathryn A and Bloom, Jesse D},
  journal	= {Journal of Virology},
  volume	= {87},
  number	= {23},
  pages		= {12531--12540},
  year		= {2013},
  publisher	= {Am Soc Microbiol},
  note		= {\url{http://jvi.asm.org/content/87/23/12531}}
}

@Article{	  hortnagel1999saturation,
  title		= {Saturation mutagenesis of the \textit{E. coli} {RecA} loop
		  {L2} homologous {DNA} pairing region reveals residues
		  essential for recombination and recombinational repair},
  author	= {H{\"o}rtnagel, Konstanze and Voloshin, Oleg N and Kinal,
		  Hai H and Ma, Ning and Schaffer-Judge, Carianne and
		  Camerini-Otero, R Daniel},
  journal	= {Journal of molecular biology},
  volume	= {286},
  number	= {4},
  pages		= {1097--1106},
  year		= {1999},
  publisher	= {Elsevier}
}

@Article{	  hoskins1979assessment,
  title		= {Assessment of inactivated influenza-A vaccine after three
		  outbreaks of influenza A at Christ's Hospital},
  author	= {Hoskins, TW and Davies, JoanR and Smith, AJ and Miller,
		  ChristineL and Allchin, Audrey},
  journal	= {The Lancet},
  volume	= {313},
  number	= {8106},
  pages		= {33--35},
  year		= {1979},
  publisher	= {Elsevier}
}

@Article{	  hou2010,
  title		= {Serious overestimation in quantitative PCR by circular
		  (supercoiled) plasmid standard: microalgal pcna as the
		  model gene},
  author	= {Hou, Yubo and Zhang, Huan and Miranda, Lilibeth and Lin,
		  Senjie},
  journal	= {PLoS One},
  volume	= {5},
  number	= {3},
  pages		= {e9545},
  year		= {2010},
  publisher	= {Public Library of Science},
  doi		= {10.1371/journal.pone.0009545}
}

@Article{	  huelsenbeck1993success,
  title		= {Success of phylogenetic methods in the four-taxon case},
  author	= {Huelsenbeck, John P and Hillis, David M},
  journal	= {Systematic Biology},
  volume	= {42},
  number	= {3},
  pages		= {247--264},
  year		= {1993},
  publisher	= {Oxford University Press}
}

@Article{	  huelsenbeck2001,
  author	= {J. P. Huelsenbeck and F. Ronquist and R. Nielsen and J. P.
		  Bollback},
  title		= {{B}ayesian inference of phylogeny and its impact on
		  evolutionary biology},
  journal	= {Science},
  volume	= {294},
  pages		= {2310-2314},
  year		= {2001}
}

@Article{	  huelsenbeck2002,
  author	= {J. P. Huelsenbeck and B. Larget and R. E. Miller and F.
		  Ronquist},
  title		= {Potential applications and pitfalls of {B}ayesian
		  inference of phylogeny},
  journal	= {Systematic Biology},
  year		= {2002},
  pages		= {673-688},
  volume	= {51}
}

@Article{	  hughes1988pattern,
  title		= {Pattern of nucleotide substitution at major
		  histocompatibility complex class I loci reveals
		  overdominant selection.},
  author	= {Hughes, AL and Nei, M},
  journal	= {Nature},
  volume	= {335},
  number	= {6186},
  pages		= {167--170},
  year		= {1988}
}

@Article{	  humbert2011characterization,
  title		= {Characterization of \textit{Helicobacter pylori} factors
		  that control transformation frequency and integration
		  length during inter-strain {DNA} recombination},
  author	= {Humbert, Olivier and Dorer, Marion S and Salama, Nina R},
  journal	= {Molecular microbiology},
  volume	= {79},
  number	= {2},
  pages		= {387--401},
  year		= {2011},
  publisher	= {Wiley Online Library}
}

@Article{	  huntzicker2006,
  author	= {E. G. Huntzicker and I. S. Estay and H. Zhen and L. A.
		  Lokteva and P. K. Jackson and A. E. Oro},
  journal	= {Genes and Development},
  title		= {Dual degradation signals control {G}li protein stability
		  and tumor formation},
  year		= {2006},
  pages		= {276-281},
  volume	= {20}
}

@Article{	  huynen1996,
  author	= {M. A. Huynen and P. F. Stadler and W. Fontana},
  title		= {Smoothness within ruggedness: the role of neutrality in
		  adaptation},
  journal	= {Proc. Natl. Acad. Sci. USA},
  volume	= {93},
  pages		= {397--401},
  year		= {1996}
}

@Article{	  huynen1996b,
  author	= {M. A. Huynen},
  title		= {Exploring phenotype space through neutral evolution},
  journal	= {J. Mol. Evol.},
  year		= {1996},
  pages		= {165-169},
  volume	= {43}
}

@Article{	  ingram1957,
  author	= {V. M. Ingram},
  title		= {Gene mutations in human haemoglobin: the chemical
		  difference between normal and sickle cell haemoglobin},
  journal	= {Nature},
  pages		= {326-328},
  volume	= {180},
  year		= {1957}
}

@Article{	  ishikawa1993,
  author	= {K. Ishikawa and H. Nakamura and K. Morikawa and S.
		  Kanaya},
  title		= {Stabilization of \textit{Escherichia coli} ribonuclease
		  {HI} by cavity-filling mutations within a hydrophobic core},
  journal	= {Biochemistry},
  volume	= {32},
  pages		= {6171-6178},
  year		= {1993}
}

@Article{	  ishikawa1993b,
  author	= {K. Ishikawa and H. Nakamura and K. Morikawa and S. Kimura
		  and S. Kanaya},
  title		= {Cooperative stabilization of \textit{Escherichia coli}
		  ribonuclease {HI} by insertion of {Gly-80b} and {Gly-77}
		  $\rightarrow$ {Ala} substitution},
  journal	= {Biochemistry},
  year		= {1993},
  volume	= {32},
  pages		= {7136-7142}
}

@Article{	  ives2002,
  author	= {J. A. Ives and J. A. Carr and D. B. Mendel and C. Y. Tai
		  and R. Lambkin and L. Kelly and J. S. Oxford and F. G.
		  Hayden and N. A. Roberts },
  title		= {The {H274Y} mutation in the influenza {A/H1N1}
		  neuraminidase active site following oseltamivir phosphate
		  treatment leave virus severely compromised both in vitro
		  and in vivo},
  journal	= {Antiviral Res.},
  volume	= {55},
  pages		= {307-17},
  year		= {2002}
}

@Article{	  iyer1963molecular,
  title		= {A molecular mechanism of mitomycin action: linking of
		  complementary {DNA} strands},
  author	= {Iyer, VN and Szybalski, W},
  journal	= {Proceedings of the National Academy of Sciences of the
		  United States of America},
  volume	= {50},
  number	= {2},
  pages		= {355},
  year		= {1963},
  publisher	= {National Academy of Sciences}
}

@Article{	  jackel2008,
  title		= {Protein design by directed evolution},
  author	= {J{\"a}ckel, Christian and Kast, Peter and Hilvert, Donald},
  journal	= {Annu. Rev. Biophys.},
  volume	= {37},
  pages		= {153--173},
  year		= {2008},
  publisher	= {Annual Reviews}
}

@Article{	  jacob1999,
  author	= {M. Jacob and G. Holtermann and D. Perl and J. Reinstein
		  and T. Schindler and M. A. Geeves and F. X. Schmid},
  title		= {Microsecond folding of the cold shock protein measured by
		  a pressure-jump technique},
  journal	= {Biochemistry},
  volume	= {38},
  pages		= {2882-2891},
  year		= {1999}
}

@Article{	  jain2013rapid,
  title		= {A rapid, efficient, and economical inverse polymerase
		  chain reaction-based method for generating a site
		  saturation mutant library},
  author	= {Jain, Pankaj C and Varadarajan, Raghavan},
  journal	= {Analytical Biochemistry},
  year		= {2014},
  volume	= {449},
  pages		= {90--98},
  publisher	= {Elsevier}
}

@Article{	  jain2014rapid,
  title		= {A rapid, efficient, and economical inverse polymerase
		  chain reaction-based method for generating a site
		  saturation mutant library},
  author	= {Jain, Pankaj C and Varadarajan, Raghavan},
  journal	= {Analytical biochemistry},
  volume	= {449},
  pages		= {90--98},
  year		= {2014},
  publisher	= {Elsevier}
}

@Article{	  jaswal2002,
  author	= {S. S. Jaswal and J. L. Sohl and J. H. Davis and D. A.
		  Agard},
  title		= {Energetic landscape of $\alpha$-lytic protease optimizes
		  longevity through kinetic stability},
  journal	= {Nature},
  year		= {2002},
  volume	= {415},
  pages		= {343--347}
}

@Article{	  jayasekera2007natural,
  title		= {Natural antibody and complement mediate neutralization of
		  influenza virus in the absence of prior immunity},
  author	= {Jayasekera, Jerome P and Moseman, E Ashley and Carroll,
		  Michael C},
  journal	= {Journal of Virology},
  volume	= {81},
  number	= {7},
  pages		= {3487--3494},
  year		= {2007},
  publisher	= {Am Soc Microbiol}
}

@Article{	  jegaskanda2013cross,
  title		= {Cross-reactive influenza-specific antibody-dependent
		  cellular cytotoxicity antibodies in the absence of
		  neutralizing antibodies},
  author	= {Jegaskanda, Sinthujan and Job, Emma R and Kramski, Marit
		  and Laurie, Karen and Isitman, Gamze and de Rose, Robert
		  and Winnall, Wendy R and Stratov, Ivan and Brooks, Andrew G
		  and Reading, Patrick C and others},
  journal	= {The Journal of Immunology},
  volume	= {190},
  number	= {4},
  pages		= {1837--1848},
  year		= {2013},
  publisher	= {Am Assoc Immnol}
}

@Article{	  jinek2013rna,
  title		= {{RNA}-programmed genome editing in human cells},
  author	= {Jinek, Martin and East, Alexandra and Cheng, Aaron and
		  Lin, Steven and Ma, Enbo and Doudna, Jennifer},
  journal	= {eLife},
  volume	= {2},
  pages		= {e00471},
  year		= {2013},
  publisher	= {eLife Sciences Publications Limited}
}

@Article{	  jones2005live,
  title		= {Live attenuated recombinant vaccine protects nonhuman
		  primates against {Ebola} and {Marburg} viruses},
  author	= {Jones, Steven M and Feldmann, Heinz and Str{\"o}her, Ute
		  and Geisbert, Joan B and Fernando, Lisa and Grolla, Allen
		  and Klenk, Hans-Dieter and Sullivan, Nancy J and Volchkov,
		  Viktor E and Fritz, Elizabeth A and others},
  journal	= {Nature medicine},
  volume	= {11},
  number	= {7},
  pages		= {786--790},
  year		= {2005},
  publisher	= {Nature Publishing Group}
}

@Article{	  joosten2011,
  title		= {A series of PDB related databases for everyday needs},
  author	= {Joosten, Robbie P and te Beek, Tim AH and Krieger, Elmar
		  and Hekkelman, Maarten L and Hooft, Rob WW and Schneider,
		  Reinhard and Sander, Chris and Vriend, Gert},
  journal	= {Nucleic Acids Res.},
  volume	= {39},
  number	= {suppl 1},
  pages		= {D411--D419},
  year		= {2011},
  publisher	= {Oxford Univ Press},
  doi		= {10.1093/nar/gkq1105}
}

@Article{	  joosten2011series,
  title		= {A series of PDB related databases for everyday needs},
  author	= {Joosten, Robbie P and Te Beek, Tim AH and Krieger, Elmar
		  and Hekkelman, Maarten L and Hooft, Rob WW and Schneider,
		  Reinhard and Sander, Chris and Vriend, Gert},
  journal	= {Nucleic acids research},
  volume	= {39},
  number	= {suppl 1},
  pages		= {D411--D419},
  year		= {2011},
  publisher	= {Oxford Univ Press}
}

@InBook{	  jukes1969,
  author	= {T. H. Jukes and C. R. Cantor},
  chapter	= {Evolution of protein molecules},
  title		= {Mammalin protein metabolism, III},
  year		= {1969},
  pages		= {21-132},
  publisher	= {Academic Press},
  address	= {New York, NY}
}

@Article{	  julien2013crystal,
  title		= {Crystal structure of a soluble cleaved {HIV-1} envelope
		  trimer},
  author	= {Julien, Jean-Philippe and Cupo, Albert and Sok, Devin and
		  Stanfield, Robyn L and Lyumkis, Dmitry and Deller, Marc C
		  and Klasse, Per-Johan and Burton, Dennis R and Sanders,
		  Rogier W and Moore, John P and others},
  journal	= {Science},
  volume	= {342},
  number	= {6165},
  pages		= {1477--1483},
  year		= {2013},
  publisher	= {American Association for the Advancement of Science}
}

@Article{	  kabsch1983,
  title		= {Dictionary of protein secondary structure: pattern
		  recognition of hydrogen-bonded and geometrical features},
  author	= {Kabsch, Wolfgang and Sander, Christian},
  journal	= {Biopolymers},
  volume	= {22},
  number	= {12},
  pages		= {2577--2637},
  year		= {1983},
  publisher	= {Wiley Online Library},
  doi		= {10.1002/bip.360221211}
}

@Article{	  kalbfleisch1985,
  author	= {J. D. Kalbfleisch and J. F. Lawless},
  title		= {The analysis of panel data under a {M}arkov assumption},
  journal	= {Journal of the American Statistical Association},
  year		= {1985},
  pages		= {863-871},
  volume	= {80}
}

@Article{	  kanagawa2003,
  author	= {T. Kanagawa},
  title		= {Bias and artifacts in multitemplate polymerase chain
		  reactions {(PCR)}},
  journal	= {Journal of Bioscience and Bioengineering},
  year		= {2003},
  volume	= {96},
  pages		= {317-323}
}

@Article{	  katayanagi1992,
  author	= {K. Katayanagi and M. Miyagawa and M. Matsushima and M.
		  Ishikawa and S. Kanaya and H. Nakamura and M. Ikehara and
		  T. Matsuzaki and K. Morikawa},
  title		= {Structural details of ribonuclease {H} from
		  \textit{Escherichia coli} as refined to an atomic
		  resolution},
  journal	= {J. Mol. Biol.},
  volume	= {223},
  year		= {1992},
  pages		= {1029-1052}
}

@Book{		  kauffman1993,
  author	= {S. A. Kauffman},
  title		= {The Origins of Order: Self-Organization and Selection in
		  Evolution},
  year		= {1993},
  publisher	= {Oxford University Press},
  address	= {Oxford}
}

@Article{	  keefe2001,
  author	= {A. D. Keefe and J. W. Szostak},
  title		= {Functional proteins from a random-sequence library},
  journal	= {Nature},
  volume	= {410},
  pages		= {715-718},
  year		= {2001}
}

@Article{	  keller2007,
  author	= {I. Keller and D. Bensasson and R. A. Nichols},
  journal	= {{PLoS} Genet.},
  year		= {2007},
  title		= {Transition-transversion bias is not universal: a counter
		  example from grasshopper psuedogenes},
  volume	= {3},
  pages		= {e22}
}

@Article{	  kellogg2011,
  title		= {Role of conformational sampling in computing
		  mutation-induced changes in protein structure and
		  stability},
  author	= {Kellogg, Elizabeth H and Leaver-Fay, Andrew and Baker,
		  David},
  journal	= {Proteins: Structure, Function, and Bioinformatics},
  volume	= {79},
  number	= {3},
  pages		= {830--838},
  year		= {2011},
  publisher	= {Wiley Online Library}
}

@Article{	  khatun2004,
  author	= {J. Khatun and S. D. Khare and N. V. Dokholyan},
  title		= {Can contact potential reliably predict stability of
		  proteins?},
  journal	= {J. Mol. Biol.},
  volume	= {336},
  pages		= {1223--1238},
  year		= {2004}
}

@Article{	  khersonsky2006,
  author	= {Olga Khersonsky and Cintia Roodveldt and Dan S. Tawfik},
  title		= {Enzyme promiscuity: evolutionary and mechanistic aspects},
  journal	= {Curr. Opin. Chem. Biol.},
  year		= {2006},
  pages		= {498-508},
  volume	= {10}
}

@Article{	  kicinger2005,
  author	= {R. Kicinger and T. Arciszewski and K. De Jong},
  title		= {Evolutionary computation and structural design: a survey
		  of the state-of-the-art},
  journal	= {Computers \& Structures},
  volume	= {83},
  pages		= {1943--1978},
  year		= {2005}
}

@Book{		  kimura1983,
  author	= {M. Kimura},
  title		= {The Neutral Theory of Molecular Evolution},
  year		= {1983},
  publisher	= {Cambridge Univ. Press},
  address	= {Cambridge, U.K.}
}

@Article{	  kimura1987,
  author	= {M. Kimura},
  title		= {Molecular evolutionary clock and the neutral theory},
  journal	= {J. Mol. Evol.},
  year		= {1987},
  pages		= {24-33},
  volume	= {26}
}

@Article{	  kimura1992,
  author	= {S. Kimura and Y. Oda and T. Nakai and K. Katayanagi and E.
		  Kitakuni and C. Nakai and H. Nakamura and M. Ikehara and S.
		  Kanaya},
  title		= {Effect of cavity-modulating mutations on the stability of
		  \textit{Escherichia coli} ribonuclease {HI}},
  journal	= {Eur. J. Biochem.},
  year		= {1992},
  volume	= {206},
  pages		= {337-343}
}

@Article{	  kimura1992b,
  author	= {S. Kimura and S. Kanaya and H. Nakamura},
  title		= {Thermostabilization of \textit{Escherichia coli}
		  ribonuclease {HI} by replacing left-handed {Lys95} with
		  {Gly} or {Asn}},
  journal	= {J. Biol. Chem.},
  year		= {1992},
  volume	= {267},
  pages		= {22014-22017}
}

@Article{	  kirschner1998,
  author	= {M. Kirschner and J. Gerhart},
  title		= {Evolvability},
  journal	= {Proc. Natl. Acad. Sci. USA},
  volume	= {95},
  year		= {1998},
  pages		= {8420--8427}
}

@Article{	  kiso2010,
  author	= {Kiso, Maki AND Shinya, Kyoko AND Shimojima, Masayuki AND
		  Takano, Ryo AND Takahashi, Kei AND Katsura, Hiroaki AND
		  Kakugawa, Satoshi AND Le, Mai thi Quynh AND Yamashita,
		  Makoto AND Furuta, Yousuke AND Ozawa, Makoto AND Kawaoka,
		  Yoshihiro},
  journal	= {PLoS Pathog.},
  title		= {Characterization of Oseltamivir-Resistant 2009 {H1N1}
		  Pandemic Influenza {A} Viruses},
  year		= {2010},
  volume	= {6},
  pages		= {e1001079}
}

@Article{	  kleinman2010statistical,
  title		= {Statistical potentials for improved structurally
		  constrained evolutionary models},
  author	= {Kleinman, Claudia L and Rodrigue, Nicolas and Lartillot,
		  Nicolas and Philippe, Herv{\'e}},
  journal	= {Mol. Biol. Evol.},
  volume	= {27},
  number	= {7},
  pages		= {1546--1560},
  year		= {2010},
  publisher	= {SMBE}
}

@Article{	  knossow2002mechanism,
  title		= {Mechanism of neutralization of influenza virus infectivity
		  by antibodies},
  author	= {Knossow, M and Gaudier, M and Douglas, A and Barrere, B
		  and Bizebard, T and Barbey, C and Gigant, B and Skehel,
		  JJ},
  journal	= {Virology},
  volume	= {302},
  number	= {2},
  pages		= {294--298},
  year		= {2002},
  publisher	= {Elsevier}
}

@Article{	  koehl2002,
  author	= {P. Koehl and M. Levitt},
  title		= {Protein topology and stability define the space of allowed
		  sequences},
  journal	= {Proc. Natl. Acad. Sci. USA},
  volume	= {99},
  year		= {2002},
  pages		= {1280--1285}
}

@Article{	  koel2013substitutions,
  title		= {Substitutions near the receptor binding site determine
		  major antigenic change during influenza virus evolution},
  author	= {Koel, Bj{\"o}rn F and Burke, David F and Bestebroer, Theo
		  M and van der Vliet, Stefan and Zondag, Gerben CM and
		  Vervaet, Gaby and Skepner, Eugene and Lewis, Nicola S and
		  Spronken, Monique IJ and Russell, Colin A and others},
  journal	= {Science},
  volume	= {342},
  number	= {6161},
  pages		= {976--979},
  year		= {2013},
  publisher	= {American Association for the Advancement of Science}
}

@Article{	  koelle2006,
  title		= {Epochal evolution shapes the phylodynamics of
		  interpandemic influenza {A (H3N2)} in humans},
  author	= {Koelle, Katia and Cobey, Sarah and Grenfell, Bryan and
		  Pascual, Mercedes},
  journal	= {Science},
  volume	= {314},
  number	= {5807},
  pages		= {1898--1903},
  year		= {2006},
  publisher	= {American Association for the Advancement of Science}
}

@Article{	  kohanski2007common,
  title		= {A Common Mechanism of Cellular Death Induced by
		  Bactericidal Antibiotics},
  author	= {Kohanski, Michael A and Dwyer, Daniel J and Hayete, Boris
		  and Lawrence, Carolyn A and Collins, James J},
  journal	= {Cell},
  volume	= {130},
  pages		= {797--810},
  year		= {2007}
}

@Article{	  kondrashov1992,
  author	= {A. S. Kondrashov and M. Turelli},
  title		= {Deleterious mutations, apparent stabilizing selection and
		  the maintenance of quantitative variation},
  journal	= {Genetics},
  year		= {1992},
  volume	= {132},
  pages		= {603-618}
}

@Article{	  kondrashov2002,
  author	= {A. S. Kondrashov and S. Sunyaev and F. A. Kondrashov},
  title		= {Dobzhandsky-Muller incompatibilities in protein
		  evolution},
  journal	= {Proc. Natl. Acad. Sci. USA},
  year		= {2002},
  pages		= {14878-14883},
  volume	= {99}
}

@Article{	  kondrashov2005,
  author	= {Fyodor A. Kondrashov},
  title		= {In search of the limits of evolution},
  journal	= {Nat. Genetics},
  year		= {2005},
  pages		= {9-10},
  volume	= {37}
}

@Article{	  koshi1998,
  author	= {J. M. Koshi and R. A. Goldstein},
  title		= {Models of natural mutations including site heterogeneity},
  journal	= {Proteins},
  volume	= {32},
  pages		= {289-295},
  year		= {1998}
}

@Article{	  kosiol2007empirical,
  title		= {An empirical codon model for protein sequence evolution},
  author	= {Kosiol, Carolin and Holmes, Ian and Goldman, Nick},
  journal	= {Mol. Biol. Evol.},
  volume	= {24},
  number	= {7},
  pages		= {1464--1479},
  year		= {2007},
  publisher	= {SMBE}
}

@Article{	  krakauer2002,
  author	= {D. C. Krakauer and J. B. Plotkin},
  title		= {Redundancy, antiredundancy, and the robustness of
		  genomes},
  journal	= {Proc. Natl. Acad. Sci. USA},
  volume	= {99},
  year		= {2002},
  pages		= {1405-1409}
}

@Article{	  kramarz2009,
  author	= {P. Kramarz and D. Monnet and A. Nicoll and C. Yilmaz and
		  B. Ciancio},
  title		= {Use of oseltamivir in 12 {E}uropean countries between 2002
		  and 2007 -- lack of association with the appearance of
		  oseltamivir-resistant influenza {A(H1N1)} viruses},
  journal	= {Eurosurveillance},
  year		= {2009},
  volume	= {14},
  pages		= {1-5}
}

@Article{	  krasnitz2008anomalies,
  title		= {Anomalies in the influenza virus genome database: new
		  biology or laboratory errors?},
  author	= {Krasnitz, Michael and Levine, Arnold J and Rabadan, Raul},
  journal	= {J. Virology},
  volume	= {82},
  number	= {17},
  pages		= {8947--8950},
  year		= {2008},
  publisher	= {Am Soc Microbiol}
}

@Article{	  kryazhimiskiy2008,
  author	= {S. Kryyazhimiskiy and G. A Bazykin and J. Plotkin and J.
		  Dushoff},
  title		= {Directionality in the evolution of influenza {A}
		  hemagglutinin},
  journal	= {Proc. Roy. Soc. B},
  year		= {2008}
}

@InBook{	  kstest,
  author	= {W. H Press and S. A. Teukolsky and W. T. Vetterling and B.
		  P. Flannery},
  title		= {Numerical Recipes in C},
  edition	= {2},
  publisher	= {Cambridge University Press},
  year		= {2002},
  chapter	= {14},
  pages		= {620--628}
}

@Article{	  kuchner1997,
  author	= {O. Kuchner and F. H. Arnold},
  title		= {Directed evolution of enzyme catalysts},
  journal	= {Trends Biotechnol.},
  year		= {1997},
  volume	= {15},
  pages		= {523--530}
}

@Article{	  kumar2006,
  author	= {M. D. Kumar and K. A. Bava and M. M. Gromiha and P.
		  Parabakaran and K. Kitajima and H. Uedaira and A. Sarai},
  title		= {Pro{T}herm and {P}ro{NIT}: thermodynamic databases for
		  proteins and protein-nucleic acid interactions},
  journal	= {Nucleic Acids Res},
  year		= {2006},
  volume	= {34},
  pages		= {D204--D206}
}

@Article{	  kurtovic2007,
  author	= {S. Kurtovic and A. Runarsdottir and L. O. Emren and A. K.
		  Larsson and B. Mannervik},
  title		= {Multivariate-activity mining for molecular quasi-species
		  in a glutathione transferase mutant library},
  journal	= {Prot. Eng. Des. Sel.},
  year		= {2007},
  volume	= {20},
  pages		= {243-256}
}

@Article{	  kwok2013computing,
  title		= {Computing: Out of the hood},
  author	= {Kwok, Roberta},
  journal	= {Nature},
  volume	= {504},
  number	= {7479},
  pages		= {319--321},
  year		= {2013},
  publisher	= {Nature Publishing Group}
}

@Article{	  kyte1982,
  author	= {J. Kyte and R. Doolittle},
  title		= {A simple method for displaying the hydropathic character
		  of a protein},
  journal	= {J. Mol. Biol.},
  year		= {1982},
  volume	= {157},
  pages		= {105-132}
}

@Article{	  lahr2009,
  author	= {D. J. G. Lahr and L. A. Katz},
  title		= {Reducing the impact of {PCR}-mediated recombination in
		  molecular evolution and environment studies using a new
		  generation high-fidelity {DNA} polymerase},
  journal	= {BioTechniques},
  year		= {2009},
  volume	= {47},
  pages		= {857-866}
}

@Article{	  laidlaw2013cooperativity,
  title		= {Cooperativity between {CD8+ T} cells, non-neutralizing
		  antibodies, and alveolar macrophages is important for
		  heterosubtypic influenza virus immunity},
  author	= {Laidlaw, Brian J and Decman, Vilma and Ali,
		  Mohammed-Alkhatim A and Abt, Michael C and Wolf, Amaya I
		  and Monticelli, Laurel A and Mozdzanowska, Krystyna and
		  Angelosanto, Jill M and Artis, David and Erikson, Jan and
		  others},
  journal	= {PLoS Pathogens},
  volume	= {9},
  number	= {3},
  pages		= {e1003207},
  year		= {2013},
  publisher	= {Public Library of Science}
}

@Article{	  landwehr2007,
  author	= {M. Landwehr and M. Carbone and C. R. Otey and Y. Li and F.
		  H. Arnold},
  journal	= {Chem. Biol.},
  title		= {Diversification of catalytic function in a synthetic
		  family of chimeric cytochrome {P450s}},
  year		= {2007},
  pages		= {269-278},
  volume	= {14}
}

@Article{	  lartillot2004,
  author	= {N. Lartillot and H. Philippe},
  title		= {A {B}ayesian mixture model for across-site heterogeneities
		  in the amino-acid replacement process},
  journal	= {Mol. Biol. Evol.},
  year		= {2004},
  pages		= {1095-1109},
  volume	= {21}
}

@Article{	  lartillot2006computing,
  title		= {Computing Bayes factors using thermodynamic integration},
  author	= {Lartillot, Nicolas and Philippe, Herv{\'e}},
  journal	= {Systematic biology},
  volume	= {55},
  number	= {2},
  pages		= {195--207},
  year		= {2006},
  publisher	= {Oxford University Press}
}

@Article{	  lartillot2007suppression,
  title		= {Suppression of long-branch attraction artefacts in the
		  animal phylogeny using a site-heterogeneous model},
  author	= {Lartillot, Nicolas and Brinkmann, Henner and Philippe,
		  Herv{\'e}},
  journal	= {BMC evolutionary biology},
  volume	= {7},
  number	= {Suppl 1},
  pages		= {S4},
  year		= {2007},
  publisher	= {BioMed Central Ltd}
}

@Article{	  lasker1982,
  author	= {J. M. Lasker and M. T. Huang and A. H. Conney},
  title		= {In vitro activation of zoxazolamine metabolism by
		  flavone},
  journal	= {Science},
  volume	= {216},
  pages		= {1419-1421},
  year		= {1982}
}

@Article{	  le2008phylogenetic,
  title		= {Phylogenetic mixture models for proteins},
  author	= {Le, Si Quang and Lartillot, Nicolas and Gascuel, Olivier},
  journal	= {Phil. Trans. R. Soc. B},
  volume	= {363},
  number	= {1512},
  pages		= {3965--3976},
  year		= {2008},
  publisher	= {The Royal Society}
}

@Article{	  lee2004,
  title		= {Predicting antigenic variants of influenza {A/H3N2}
		  viruses},
  author	= {Lee, Min-Shi and Chen, Jack Si-En},
  journal	= {Emerging infectious diseases},
  volume	= {10},
  number	= {8},
  pages		= {1385},
  year		= {2004},
  publisher	= {Centers for Disease Control and Prevention}
}

@Article{	  lehmann2002,
  author	= {M. Lehmann and C. Loch and A. Middendorf and D. Studer and
		  S. F. Lassen and L. Pasamontes and A. P. G. M. van Loon and
		  M. Wyss},
  title		= {The consensus concept for thermostability engineering of
		  proteins: further proof of concept},
  journal	= {Protein Eng. Des. Sel.},
  year		= {2002},
  volume	= {15},
  pages		= {403-411}
}

@Article{	  lennox1955transduction,
  title		= {Transduction of linked genetic characters of the host by
		  bacteriophage {P1}},
  author	= {Lennox, ES},
  journal	= {Virology},
  volume	= {1},
  number	= {2},
  pages		= {190--206},
  year		= {1955},
  publisher	= {Elsevier}
}

@Article{	  lenski2006,
  author	= {R. E. Lenski and J. E. Barrick and C. Ofria},
  title		= {Balancing robustness and evolvability},
  journal	= {{PLoS} Biology},
  year		= {2006},
  volume	= {4},
  pages		= {e428}
}

@Article{	  lepock1992,
  author	= {J. R. Lepock and K. P. Ritchie and M. C. Kolios and A. M.
		  Rodahl and K. A. Heinz and J. Kruuv},
  journal	= {Biochemistry},
  year		= {1992},
  volume	= {31},
  pages		= {12706-12712},
  title		= {Influence of transition rates and scan rate and kinetic
		  simulations of differential scanning calorimetry profiles
		  of reversible and irreversible protein denaturation}
}

@Article{	  lesk1980,
  author	= {A. M. Lesk and C. Chothia},
  title		= {How different amino acid sequences determine similar
		  protein structures: The structure and evolutionary dynamics
		  of the globins},
  journal	= {J. Mol. Biol.},
  year		= {1980},
  volume	= {136},
  pages		= {225--270}
}

@Article{	  lewin19894,
  title		= {4-Quinolones and the {SOS} response},
  author	= {Lewin, CS and Howard, BMA and Ratcliff, NT and Smith, JT},
  journal	= {Journal of medical microbiology},
  volume	= {29},
  number	= {2},
  pages		= {139--144},
  year		= {1989},
  publisher	= {Soc General Microbiol}
}

@Book{		  lewis2001,
  author	= {D. F. V. Lewis},
  title		= {Cytochromes {P450}: Structure and Function},
  year		= {2001},
  publisher	= {Taylor and Francis},
  address	= {London}
}

@Article{	  li1996,
  author	= {H. Li and R. Helling and C. Tang and N. Wingreen},
  title		= {Emergence of preferred structures in a simple model of
		  protein folding},
  journal	= {Science},
  volume	= {273},
  year		= {1996},
  pages		= {666-669}
}

@Article{	  li1997,
  author	= {H. Li and C. Tang and N. S. Wingreen},
  title		= {Nature of driving force for protein folding: a result from
		  analyzing the statistical potential},
  journal	= {Phys. Rev. Lett.},
  volume	= {79},
  year		= {1997},
  pages		= {765-768}
}

@Article{	  li2001,
  author	= {Q. S. Li and J. Ogawa and R. D. Schmid and S. Shimizu},
  title		= {Engineering cytochrome {P450 BM-3} for oxidation of
		  polycyclic aromatic hydrocarbons},
  journal	= {Appl. Environ. Microbiol.},
  year		= {2001},
  pages		= {5735-5739},
  volume	= {67}
}

@Article{	  li2001b,
  author	= {Q. S. Li and U. Schwaneberg and M. Fischer and J. Schmitt
		  and J. Pleiss and S. Lutz-Wahl and R. D. Schmid},
  title		= {Rational evolution of a medium chain-specific cytochrome
		  {P-450 BM-3} variant},
  journal	= {Biochim. Biophys. Acta},
  year		= {2001},
  pages		= {114-121},
  volume	= {1545}
}

@Article{	  li2013immune,
  title		= {Immune history shapes specificity of pandemic {H1N1}
		  influenza antibody responses},
  author	= {Li, Yang and Myers, Jaclyn L and Bostick, David L and
		  Sullivan, Colleen B and Madara, Jonathan and Linderman,
		  Susanne L and Liu, Qin and Carter, Donald M and Wrammert,
		  Jens and Esposito, Susanna and others},
  journal	= {The Journal of experimental medicine},
  volume	= {210},
  number	= {8},
  pages		= {1493--1500},
  year		= {2013},
  publisher	= {Rockefeller Univ Press}
}

@Article{	  lipman1991,
  author	= {D. J. Lipman and W. J. Wilbur},
  title		= {Modeling neutrality and selective evolution of protein
		  folding},
  journal	= {Proc. R. Soc. London Ser. B},
  year		= {1991},
  volume	= {245},
  pages		= {7-11}
}

@Article{	  lipsitch2007patterns,
  title		= {Patterns of antigenic diversity and the mechanisms that
		  maintain them},
  author	= {Lipsitch, Marc and O'Hagan, Justin J},
  journal	= {Journal of the Royal Society Interface},
  volume	= {4},
  number	= {16},
  pages		= {787--802},
  year		= {2007},
  publisher	= {The Royal Society}
}

@Article{	  lloyd1993evolution,
  title		= {Evolution of the {recA} gene and the molecular phylogeny
		  of bacteria},
  author	= {Lloyd, Andrew T and Sharp, Paul M},
  journal	= {Journal of molecular evolution},
  volume	= {37},
  number	= {4},
  pages		= {399--407},
  year		= {1993},
  publisher	= {Springer}
}

@Article{	  loeb1989,
  author	= {D. D. Loeb and R. Swanstrom and L. Everitt and M.
		  Manchester and S. E. Stamper and C. A. Hutchison III},
  title		= {Complete mutagenesis of the {HIV}-1 protease},
  journal	= {Nature},
  volume	= {340},
  year		= {1989},
  pages		= {397--400}
}

@Article{	  loida1993,
  author	= {P. J. Loida and S. G. Sligar},
  journal	= {Biochemistry},
  volume	= {32},
  year		= {1993},
  pages		= {11530-11538},
  title		= {Molecular recognition in cytochrome {P450} - mechanism for
		  the control of uncoupling reactions}
}

@Article{	  lou2013high,
  title		= {High-throughput {DNA} sequencing errors are reduced by
		  orders of magnitude using circle sequencing},
  author	= {Lou, Dianne I and Hussmann, Jeffrey A and McBee, Ross M
		  and Acevedo, Ashley and Andino, Raul and Press, William H
		  and Sawyer, Sara L},
  journal	= {Proc. Natl. Acad. Sci. USA},
  volume	= {110},
  number	= {49},
  pages		= {19872--19877},
  year		= {2013},
  publisher	= {National Acad Sciences}
}

@Article{	  luksza2014predictive,
  title		= {A predictive fitness model for influenza},
  author	= {{\L}uksza, Marta and L{\"a}ssig, Michael},
  journal	= {Nature},
  volume	= {507},
  number	= {7490},
  pages		= {57--61},
  year		= {2014},
  publisher	= {Nature Publishing Group}
}

@Article{	  lunzer2010,
  title		= {Pervasive cryptic epistasis in molecular evolution},
  author	= {Lunzer, Mark and Golding, G Brian and Dean, Antony M},
  journal	= {PLoS Genetics},
  volume	= {6},
  number	= {10},
  pages		= {e1001162},
  year		= {2010},
  publisher	= {Public Library of Science},
  doi		= {10.1371/journal.pgen.1001162}
}

@Article{	  lusetti2002bacterial,
  title		= {The bacterial {RecA} protein and the recombinational {DNA}
		  repair of stalled replication forks},
  author	= {Lusetti, Shelley L and Cox, Michael M},
  journal	= {Annual review of biochemistry},
  volume	= {71},
  number	= {1},
  pages		= {71--100},
  year		= {2002},
  publisher	= {Annual Reviews 4139 El Camino Way, PO Box 10139, Palo
		  Alto, CA 94303-0139, USA}
}

@Article{	  lusetti2003c,
  title		= {C-terminal Deletions of the \textit{Escherichia coli}
		  {RecA} Protein characterization of in vivo and in vitro
		  effects},
  author	= {Lusetti, Shelley L and Wood, Elizabeth A and Fleming,
		  Christopher D and Modica, Michael J and Korth, Joshua and
		  Abbott, Lily and Dwyer, David W and Roca, Alberto I and
		  Inman, Ross B and Cox, Michael M},
  journal	= {Journal of Biological Chemistry},
  volume	= {278},
  number	= {18},
  pages		= {16372--16380},
  year		= {2003},
  publisher	= {ASBMB}
}

@Article{	  lutz2004,
  title		= {Novel methods for directed evolution of enzymes: quality,
		  not quantity},
  author	= {Lutz, Stefan and Patrick, Wayne M},
  journal	= {Current opinion in biotechnology},
  volume	= {15},
  number	= {4},
  pages		= {291--297},
  year		= {2004},
  publisher	= {Elsevier}
}

@Article{	  lynch2003,
  author	= {M. Lynch and J. S. Conery},
  title		= {The origins of genome complexity},
  journal	= {Science},
  volume	= {302},
  pages		= {1401-1404},
  year		= {2003}
}

@Article{	  malik2001adaptive,
  title		= {Adaptive evolution of Cid, a centromere-specific histone
		  in Drosophila},
  author	= {Malik, Harmit S and Henikoff, Steven},
  journal	= {Genetics},
  volume	= {157},
  number	= {3},
  pages		= {1293--1298},
  year		= {2001},
  publisher	= {Genetics Soc America}
}

@Article{	  manz2013pandemic,
  title		= {Pandemic influenza {A} viruses escape from restriction by
		  human {MxA} through adaptive mutations in the
		  nucleoprotein},
  author	= {M{\"a}nz, Benjamin and Dornfeld, Dominik and G{\"o}tz,
		  Veronika and Zell, Roland and Zimmermann, Petra and Haller,
		  Otto and Kochs, Georg and Schwemmle, Martin},
  journal	= {PLoS Pathogens},
  volume	= {9},
  number	= {3},
  pages		= {e1003279},
  year		= {2013},
  publisher	= {Public Library of Science}
}

@Article{	  markiewicz1994,
  author	= {P. Markiewicz and L. G. Kleina and C. Cruz and S. Ehret
		  and J. H. Miller},
  title		= {Genetic studies of the lac repressor},
  journal	= {J. Mol. Biol.},
  volume	= {240},
  pages		= {421-433},
  year		= {1994}
}

@Article{	  marsh2007specific,
  title		= {Specific residues of the influenza {A} virus hemagglutinin
		  viral {RNA} are important for efficient packaging into
		  budding virions},
  author	= {Marsh, Glenn A and Hatami, Raheleh and Palese, Peter},
  journal	= {Journal of Virology},
  volume	= {81},
  number	= {18},
  pages		= {9727--9736},
  year		= {2007},
  publisher	= {Am Soc Microbiol}
}

@Article{	  marsh2008highly,
  title		= {Highly conserved regions of influenza a virus polymerase
		  gene segments are critical for efficient viral {RNA}
		  packaging},
  author	= {Marsh, Glenn A and Rabad{\'a}n, Ra{\'u}l and Levine,
		  Arnold J and Palese, Peter},
  journal	= {J. Virology},
  volume	= {82},
  number	= {5},
  pages		= {2295--2304},
  year		= {2008},
  publisher	= {Am Soc Microbiol}
}

@Article{	  martin1998studies,
  title		= {Studies of the binding properties of influenza
		  hemagglutinin receptor-site mutants},
  author	= {Martin, Javier and Wharton, Stephen A and Lin, Yi Pu and
		  Takemoto, Darin K and Skehel, John J and Wiley, Don C and
		  Steinhauer, David A},
  journal	= {Virology},
  volume	= {241},
  number	= {1},
  pages		= {101--111},
  year		= {1998},
  publisher	= {Elsevier}
}

@Article{	  martin2002,
  author	= {A. Martin and I. Kather and F. X. Schmid},
  title		= {Origins of the high stability of an \textit{in vitro}
		  selected cold-shock protein},
  journal	= {J. Mol. Biol.},
  volume	= {318},
  pages		= {1341-1349},
  year		= {2002}
}

@Article{	  martinez2010hemagglutinin,
  title		= {Hemagglutinin-pseudotyped green fluorescent
		  protein-expressing influenza viruses for the detection of
		  influenza virus neutralizing antibodies},
  author	= {Mart{\'\i}nez-Sobrido, Luis and Cadagan, Richard and
		  Steel, John and Basler, Christopher F and Palese, Peter and
		  Moran, Thomas M and Garc{\'\i}a-Sastre, Adolfo},
  journal	= {Journal of Virology},
  volume	= {84},
  number	= {4},
  pages		= {2157--2163},
  year		= {2010},
  publisher	= {Am Soc Microbiol}
}

@Article{	  martinis1996,
  author	= {S. A. Martinis and S. R. Blanke and L. P. Hager and S. G.
		  Sligar},
  title		= {Probing the heme iron coordination structure of
		  pressure-induced cytochrome {P}420cam},
  journal	= {Biochemistry},
  year		= {1996},
  volume	= {35},
  pages		= {14530--14536}
}

@InCollection{	  mason2007,
  title		= {Considerations in the design and optimization of coiled
		  coil structures},
  author	= {Mason, Jody M and M{\"u}ller, Kristian M and Arndt, Katja
		  M},
  booktitle	= {Protein Engineering Protocols},
  pages		= {35--70},
  year		= {2007},
  publisher	= {Springer}
}

@Article{	  massingham2005detecting,
  title		= {Detecting amino acid sites under positive selection and
		  purifying selection},
  author	= {Massingham, Tim and Goldman, Nick},
  journal	= {Genetics},
  volume	= {169},
  number	= {3},
  pages		= {1753--1762},
  year		= {2005},
  publisher	= {Genetics Soc America}
}

@Article{	  matrosovich2003,
  author	= {M. Matrosovich and T. Matrosovich and J. Carr and N. A.
		  Roberts and H. D. Klenk},
  title		= {Overexpression of the alpha-2,6-sialyltransferase in
		  {MDCK} cells increases the influenza virus sensitivity to
		  neuraminidase inhibitors},
  journal	= {J. Virology},
  year		= {2003},
  volume	= {77},
  pages		= {8418-8425}
}

@Article{	  matrosovich2006,
  author	= {M. Matrosovich and T. Matrosovich and W. Garten and H. D.
		  Klenk},
  title		= {New low-viscosity overlay medium for viral plaque assays},
  journal	= {Virology Journal},
  year		= {2006},
  volume	= {3},
  pages		= {63}
}

@Article{	  matsuzaki2010,
  author	= {Y. Matsuzaki and K. Mizuta and Y. Aoki and A. Suto and C.
		  Abiko and K. Sanjoh and K. Sugawara and E. Takashita and T.
		  Itagaki and Y. Katsushima and M. Ujike and M. Obuchi and T.
		  Odagiri and M. Tashiro},
  title		= {A two-year survey of the oseltamivir-resistant influenza
		  {A(H1N1)} virus in {Y}amagata, {J}apan and the clinical
		  effectiveness of oseltamivir and zanamavir},
  journal	= {Virology J.},
  year		= {2010},
  volume	= {7},
  pages		= {53}
}

@Article{	  matsuzaki2014epitope,
  title		= {Epitope Mapping of the Hemagglutinin Molecule of A/(H1N1)
		  pdm09 Virus by Using Monoclonal Antibody Escape Mutants},
  author	= {Matsuzaki, Yoko and Sugawara, Kanetsu and Nakauchi, Mina
		  and Takahashi, Yoshimasa and Onodera, Taishi and
		  Tsunetsugu-Yokota, Yasuko and Matsumura, Takayuki and Ato,
		  Manabu and Kobayashi, Kazuo and Shimotai, Yoshitaka and
		  others},
  journal	= {Journal of Virology},
  pages		= {JVI--01381},
  year		= {2014},
  publisher	= {Am Soc Microbiol}
}

@Article{	  matthews1993,
  author	= {B. W. Matthews},
  journal	= {Annu. Rev. Biochem.},
  title		= {Structural and genetic analysis of protein stability},
  year		= {1993},
  volume	= {62},
  pages		= {139--160}
}

@Article{	  maxwell1998,
  author	= {K. L. Maxwell and A. R. Davidson},
  title		= {Mutagenesis of a buried polar interaction in an {SH3}
		  domain: sequence conservation provides the best prediction
		  of stability effects},
  journal	= {Biochemistry},
  year		= {1998},
  pages		= {16172-16182},
  volume	= {37}
}

@Article{	  mazanec1995intracellular,
  title		= {Intracellular neutralization of influenza virus by
		  immunoglobulin A anti-hemagglutinin monoclonal
		  antibodies.},
  author	= {Mazanec, Mary B and Coudret, Christina L and Fletcher,
		  David R},
  journal	= {Journal of virology},
  volume	= {69},
  number	= {2},
  pages		= {1339--1343},
  year		= {1995},
  publisher	= {Am Soc Microbiol}
}

@Article{	  mclaughlin2012spatial,
  title		= {The spatial architecture of protein function and
		  adaptation},
  author	= {McLaughlin Jr, Richard N and Poelwijk, Frank J and Raman,
		  Arjun and Gosal, Walraj S and Ranganathan, Rama},
  journal	= {Nature},
  year		= {2012},
  publisher	= {Nature Publishing Group},
  volume	= {491},
  number	= {7422},
  pages		= {138}
}

@Article{	  meiering1992,
  author	= {E. M. Meiering and L. Serrano and A. R. Fersht},
  title		= {Effect of active site residues in barnase on activity and
		  stability},
  journal	= {J. Mol. Biol.},
  year		= {1992},
  volume	= {225},
  pages		= {585-589}
}

@Article{	  meinhold2005,
  author	= {P. Meinhold and M. W. Peters and M. M. Y. Chen and K.
		  Takahashi and F. H. Arnold},
  journal	= {ChemBioChem},
  title		= {Direct conversion of ethane to ethanol by engineered
		  cytochrome {P450 BM3}},
  year		= {2005},
  pages		= {1765-1768},
  volume	= {6}
}

@Article{	  melamed2013deep,
  title		= {Deep mutational scanning of an {RRM} domain of the
		  \textit{Saccharomyces cerevisiae} poly {(A)}-binding
		  protein},
  author	= {Melamed, Daniel and Young, David L and Gamble, Caitlin E
		  and Miller, Christina R and Fields, Stanley},
  journal	= {RNA},
  volume	= {19},
  number	= {11},
  pages		= {1537--1551},
  year		= {2013},
  publisher	= {Cold Spring Harbor Lab}
}

@Article{	  melnikov2014comprehensive,
  title		= {Comprehensive mutational scanning of a kinase \textit{in
		  vivo} reveals context-dependent fitness landscapes},
  author	= {Melnikov, Alexandre and Rogov, Peter and Wang, Li and
		  Gnirke, Andreas and Mikkelsen, Tarjei S},
  year		= {2014},
  journal	= {Nucleic Acids Research},
  volume	= {42},
  pages		= {e112}
}

@Article{	  memoli2010,
  author	= {A. J. Memoli and A. S. Davis and K. Proudfoot and D. S.
		  Chertow and R. J. Hrabal and T. Bristol and J. K.
		  Taubenberger},
  title		= {Multidrug-resistant 2009 pandemic influenza {A(H1N1)}
		  viruses maintain fitness and transmissibility in ferrets},
  journal	= {J. Infect. Dis.},
  year		= {2010},
  volume	= {203},
  pages		= {348-357}
}

@Article{	  metropolis1953equation,
  title		= {Equation of State Calculations by Fast Computing
		  Machines},
  author	= {Metropolis, Nicholas and Rosenbluth, Arianna W and
		  Rosenbluth, Marshall N and Teller, Augusta H and Teller,
		  Edward},
  journal	= {Journal of Chemical Physics},
  volume	= {21},
  pages		= {1087--1092},
  year		= {1953}
}

@Article{	  meyer1975,
  author	= {C. D. Meyer},
  title		= {The role of the group generalized inverse in the theory of
		  finite {M}arkov chains},
  year		= {1975},
  journal	= {SIAM Review},
  volume	= {17},
  pages		= {443-463}
}

@Article{	  meyer2003,
  author	= {M. M. Meyer and J. J. Silberg and C. A. Voigt and J. B.
		  Endelman and S. L. Mayo and Z. G. Wang and F. H. Arnold},
  journal	= {Protein Sci.},
  volume	= {12},
  pages		= {1686--1693},
  year		= {2003},
  title		= {Library analysis of SCHEMA--guided protein recombination}
}

@Article{	  meyer2013integrating,
  title		= {Integrating sequence variation and protein structure to
		  identify sites under selection.},
  author	= {Meyer, AG and Wilke, CO},
  journal	= {Molecular Biology and Evolution},
  volume	= {30},
  number	= {1},
  pages		= {36--44},
  year		= {2013}
}

@Article{	  meyerhans1990,
  author	= {A. Meyerhans and J. P. Vartanian and S. Wain-Hobson},
  title		= {{DNA} recombination during {PCR}},
  journal	= {Nucleic Acids Res.},
  year		= {1990},
  volume	= {18},
  pages		= {1687-1691}
}

@InBook{	  miller1955,
  author	= {G. Miller},
  chapter	= {Note on the bias of information estimates},
  title		= {Information Theory in Psychology II - B},
  year		= {1955},
  pages		= {95-100},
  publisher	= {Free Press},
  address	= {Glencoe, {IL}}
}

@Article{	  miller1979,
  author	= {J. H. Miller and C. Coulondre and M. Hofer and U.
		  Schmeissner and H. Sommer and A. Schmitz},
  title		= {Genetic studies of the \textit{lac} repressor},
  journal	= {J. Mol. Biol.},
  pages		= {191-222},
  year		= {1979},
  volume	= {131}
}

@Article{	  mitraki1991,
  author	= {A. Mitraki and B. Fane and C. Haase-Pettingell and J.
		  Sturtevant and J. King},
  journal	= {Science},
  title		= {Global suppression of protein folding defects and
		  inclusion body formation},
  year		= {1991},
  pages		= {54-58},
  volume	= {253}
}

@Article{	  mitraki1992,
  author	= {A. Mitraki and J. King},
  title		= {Amino acid substitutions influencing intracellular protein
		  folding pathways},
  journal	= {FEBS Letters},
  year		= {1992},
  volume	= {307},
  pages		= {20-25}
}

@Article{	  miyazaki1999,
  author	= {K. Miyazaki and F. H. Arnold},
  title		= {Exploring nonnatural evolutionary pathways by saturation
		  mutagenesis: rapid improvement of protein function},
  journal	= {J. Mol. Evol.},
  year		= {1999},
  volume	= {49},
  pages		= {716-720}
}

@Article{	  miyazawa1985,
  author	= {S. Miyazawa and R. L. Jernigan},
  title		= {Estimation of effective interresidue contact energies from
		  protein crystal structures: quasi-chemical approximation},
  journal	= {Macromolecules},
  pages		= {534--552},
  year		= {1985},
  volume	= {18}
}

@Article{	  modi1996,
  author	= {S. Modi and M. J. Sutcliffe and W. U. Primrose and L. Y.
		  Lian and G. C. K. Roberts},
  title		= {The catalytic mechanism of cytochrome {P450 BM3} involves
		  a 6 angstrom movement of the bound substrate on reduction},
  journal	= {Nat. Struct. Biol.},
  volume	= {3},
  year		= {1996},
  pages		= {414-417}
}

@Book{		  montellano1995,
  author	= {P. R. Ortiz de Montellano},
  title		= {Cytochrome P450: Structure, Mechanism, and Biochemistry},
  publisher	= {Plenum Press},
  year		= {1995},
  address	= {New York}
}

@Article{	  montville2005,
  journal	= {{PLoS} Biol.},
  title		= {Evolution of mutational robustness in an {RNA} virus},
  author	= {R. Montville and R. Froissart and S. K. Remold and O.
		  Tenaillon and P. E. Turner},
  year		= {2005},
  volume	= {3},
  pages		= {e381}
}

@Article{	  moody2011h3n2,
  title		= {{H3N2} influenza infection elicits more cross-reactive and
		  less clonally expanded anti-hemagglutinin antibodies than
		  influenza vaccination},
  author	= {Moody, M Anthony and Zhang, Ruijun and Walter, Emmanuel B
		  and Woods, Christopher W and Ginsburg, Geoffrey S and
		  McClain, Micah T and Denny, Thomas N and Chen, Xi and
		  Munshaw, Supriya and Marshall, Dawn J and others},
  journal	= {PLoS One},
  volume	= {6},
  number	= {10},
  pages		= {e25797},
  year		= {2011},
  publisher	= {Public Library of Science}
}

@Article{	  moschopoulos1985,
  author	= {P. G. Moschopoulos},
  title		= {The distribution of the sum of independent gamma random
		  variables},
  journal	= {Ann. Inst. Statist. Math.},
  volume	= {37},
  year		= {1985},
  pages		= {541-544}
}

@Article{	  moscona2009,
  author	= {A. Moscona },
  title		= {Global transmission of oseltamivir-resistant influenza},
  journal	= {N. Engl. J. Med.},
  volume	= {360},
  pages		= {953-6},
  year		= {2009}
}

@Article{	  moya2004,
  author	= {A. Moya and E. C. Holmes and F. Gonzalez-Candelas},
  title		= {The population genetics and evolutionary epidemiology of
		  {RNA} viruses},
  journal	= {Nature Reviews Microbiology},
  year		= {2004},
  volume	= {2},
  pages		= {279-288}
}

@Article{	  munro1996,
  author	= {A. W. Munro and J. G. Lindsay and J. R. Coggins and S. M.
		  Kelly and N. C. Price},
  title		= {Analysis of the structural stability of the multidomain
		  enzyme flavocytochrome P-450 BM3},
  journal	= {Biochemica et Biophysica Acta},
  volume	= {1296},
  year		= {1996},
  pages		= {127--137}
}

@Article{	  munro2002,
  author	= {A. W. Munro and D. G. Leys and K. J. McLean and K. R.
		  Marshall and T. W. Ost and S. Daff and C. S. Miles and S.
		  K. Chapman and D. A. Lysek and C. C. Moser and C. C. Page
		  and P. L. Dutton},
  title		= {P450 {BM}3: the very model of a modern flavocytochrome},
  journal	= {Trends Biochem. Sci.},
  volume	= {27},
  year		= {2002},
  pages		= {250--257}
}

@Article{	  murrell2012detecting,
  title		= {Detecting individual sites subject to episodic
		  diversifying selection},
  author	= {Murrell, Ben and Wertheim, Joel O and Moola, Sasha and
		  Weighill, Thomas and Scheffler, Konrad and Pond, Sergei L
		  Kosakovsky},
  journal	= {PLoS Genetics},
  volume	= {8},
  number	= {7},
  pages		= {e1002764},
  year		= {2012},
  publisher	= {Public Library of Science}
}

@Article{	  murrell2013fubar,
  title		= {{FUBAR}: a fast, unconstrained bayesian approximation for
		  inferring selection},
  author	= {Murrell, Ben and Moola, Sasha and Mabona, Amandla and
		  Weighill, Thomas and Sheward, Daniel and Pond, Sergei L
		  Kosakovsky and Scheffler, Konrad},
  journal	= {Molecular Biology and Evolution},
  volume	= {30},
  pages		= {1196-1205},
  year		= {2013},
  publisher	= {SMBE}
}

@Article{	  murugan2004,
  author	= {R. Murugan and S. Mazumdar},
  title		= {Role of substrate on the conformational stability of the
		  heme active site of cytochrome P450cam: effect of
		  temperature and low concentrations of denaturants},
  journal	= {J. Biol. Inorg. Chem.},
  year		= {2004},
  volume	= {9},
  pages		= {477--488}
}

@Article{	  muse1994likelihood,
  title		= {A likelihood approach for comparing synonymous and
		  nonsynonymous nucleotide substitution rates, with
		  application to the chloroplast genome.},
  author	= {Muse, Spencer V and Gaut, Brandon S},
  journal	= {Molecular Biology and Evolution},
  volume	= {11},
  number	= {5},
  pages		= {715--724},
  year		= {1994},
  publisher	= {SMBE}
}

@Article{	  myers1995,
  author	= {J. K. Myers and C. N. Pace and J. M. Scholtz},
  journal	= {Protein Sci.},
  title		= {Denaturant m values and heat capacity changes: relation to
		  changes in accessible surface areas of protein unfolding},
  volume	= {4},
  year		= {1995},
  pages		= {2138--2148}
}

@Article{	  nakajima1986,
  author	= {S. Nakajima and D. J. Brown and M. Ueda and K. Nakajima
		  and A. Sugiura and A. K. Pattnaik and D. P. Nayak},
  title		= {Identification of the defects in the hemagglutinin gene of
		  two temperature-sensitive mutants of {A/WSN/33} influenza
		  virus},
  journal	= {Virology},
  year		= {1986},
  pages		= {279-285},
  volume	= {154}
}

@Article{	  neumann1999,
  author	= {G. Neumann and T. Watanabe and H. Ito and S. Watanabe and
		  H. Goto and P. Gao and M. Hughes and D. R. Perez and R.
		  Donis and E. Hoffmann and G. Hobom and Y. Kawaoka},
  journal	= {Proc. Natl. Acad. Sci. USA},
  year		= {1999},
  title		= {Generation of influenza {A} viruses entirely from cloned
		  {cDNAs}},
  volume	= {96},
  pages		= {9345-9350}
}

@Article{	  neylon2004,
  title		= {Chemical and biochemical strategies for the randomization
		  of protein encoding {DNA} sequences: library construction
		  methods for directed evolution},
  author	= {Neylon, Cameron},
  journal	= {Nucleic Acids Research},
  volume	= {32},
  number	= {4},
  pages		= {1448--1459},
  year		= {2004},
  publisher	= {Oxford Univ Press},
  doi		= {10.1093/nar/gkh315}
}

@Article{	  nielsen1998likelihood,
  title		= {Likelihood models for detecting positively selected amino
		  acid sites and applications to the {HIV-1} envelope gene},
  author	= {Nielsen, Rasmus and Yang, Ziheng},
  journal	= {Genetics},
  volume	= {148},
  number	= {3},
  pages		= {929--936},
  year		= {1998},
  publisher	= {Genetics Soc America}
}

@Article{	  nikolova2000,
  author	= {P. V. Nikolova and K. B. Wong and B. DeDecker and J.
		  Henckel and A. R. Fersht},
  title		= {Mechanism of rescue of common p53 cancer mutations by
		  second-site suppressor mutations},
  journal	= {EMBO J.},
  year		= {2000},
  volume	= {19},
  pages		= {370--378}
}

@Article{	  o'brien1999,
  author	= {Patrick J. O'Brien and Daniel Herschlag},
  title		= {Catalytic promiscuity and the evolution of new enzymatic
		  activities},
  journal	= {Chemistry and Biology},
  volume	= {6},
  pages		= {R91-R105},
  year		= {1999}
}

@Article{	  o'brien2006,
  author	= {Patrick J. O'Brien},
  title		= {Catalytic promiscuity and the divergent evolution of {DNA}
		  repair enzymes},
  journal	= {Chem. Rev.},
  year		= {2006},
  pages		= {720--752},
  volume	= {106}
}

@Article{	  o'loughlin2007,
  author	= {Taryn L. O'Loughlin and Dina N. Greene and Ichiro
		  Matsumura},
  title		= {Diversification and specialization of {HIV} protease
		  function during in vitro evolution},
  journal	= {Mol. Biol. Evol.},
  year		= {2007},
  volume	= {23},
  pages		= {764-772}
}

@Article{	  ogliore2011,
  title		= {Ratio estimation in {SIMS} analysis},
  author	= {Ogliore, RC and Huss, GR and Nagashima, K},
  journal	= {Nuclear Instruments and Methods in Physics Research
		  Section B: Beam Interactions with Materials and Atoms},
  volume	= {269},
  number	= {17},
  pages		= {1910--1918},
  year		= {2011},
  publisher	= {Elsevier},
  doi		= {10.1016/j.nimb.2011.04.120}
}

@Book{		  ohno1970,
  author	= {Susumu Ohno},
  title		= {Evolution by gene duplication},
  year		= {1970},
  publisher	= {Springer},
  address	= {New York}
}

@Article{	  ohta1971,
  author	= {T. Ohta and M. Kimura},
  journal	= {J. Mol. Evol.},
  title		= {On the constancy of the evolutionary rate of cistrons},
  year		= {1971},
  pages		= {18--25},
  volume	= {1}
}

@Article{	  ohta2002,
  author	= {T. Ohta},
  title		= {Near--neutrality in evolution of genes and gene
		  regulation},
  journal	= {Proc. Natl. Acad. Sci. USA},
  volume	= {99},
  pages		= {16134--16137},
  year		= {2002}
}

@Article{	  olson2014comprehensive,
  title		= {A Comprehensive Biophysical Description of Pairwise
		  Epistasis throughout an Entire Protein Domain},
  author	= {Olson, C Anders and Wu, Nicholas C and Sun, Ren},
  journal	= {Current Biology},
  volume	= {24},
  number	= {22},
  pages		= {2643--2651},
  year		= {2014},
  publisher	= {Elsevier}
}

@Article{	  orengo1997,
  author	= {C. A. Orengo and A. D. Michie and S. Jones and D. T. Jones
		  and M. B. Swindells and J. M. Thornton},
  title		= {CATH -- a hierarchic classification of protein domain
		  structures},
  journal	= {Structure},
  volume	= {5},
  pages		= {1093--1108},
  year		= {1997}
}

@Article{	  ortlund2007,
  author	= {E. A. Ortlund and J. T. Bridgham and M. R. Redinbo and J.
		  W. Thornton},
  title		= {Crystal structure of an ancient protein: evolution by
		  conformational epistasis},
  journal	= {Science},
  year		= {2007},
  pages		= {1544-1548},
  volume	= {317}
}

@Article{	  ostermeier2007,
  author	= {Marc Ostermeier},
  journal	= {Chem. Biol.},
  year		= {2007},
  pages		= {237-238},
  title		= {Beyond cataloging the library of {B}abel},
  volume	= {14}
}

@InCollection{	  otey2003,
  author	= {C. R. Otey},
  editor	= {F. H. Arnold and G. Georgiou},
  volume	= {230},
  booktitle	= {Directed enzyme evolution: screening and selection
		  methods},
  series	= {Methods in Molecular Biology},
  year		= {2003},
  pages		= {137--139},
  publisher	= {Humana press},
  title		= {High-throughput carbon monoxide binding assay for
		  cytochromes {P}450},
  chapter	= {13}
}

@InCollection{	  otey2003b,
  author	= {C. R. Otey and J. M. Joern},
  editor	= {F. H. Arnold and G. Georgiou},
  volume	= {230},
  booktitle	= {Directed enzyme evolution: screening and selection
		  methods},
  series	= {Methods in Molecular Biology},
  year		= {2003},
  pages		= {141--148},
  publisher	= {Humana press},
  title		= {High-throughput screen for aromatic hydroxylation},
  chapter	= {13}
}

@Article{	  otey2004,
  author	= {C. R. Otey and J. J. Silberg and C. A. Voigt and J. B.
		  Endelman and G. Bandara and F. H. Arnold},
  title		= {Functional evolution and structural conservation in
		  chimeric cytochromes P450: calibrating a structure-guided
		  approach},
  journal	= {Chem. Biol.},
  volume	= {11},
  pages		= {309-318},
  year		= {2004}
}

@Article{	  otey2005,
  author	= {C. R. Otey and G. Bandara and J. Lalonde and K. Takahashi
		  and F. H. Arnold},
  journal	= {Biotechnol. and Bioeng.},
  year		= {2005},
  volume	= {93},
  pages		= {494-499},
  title		= {Preparation of human metabolites of propranolol using
		  laboratory-evolved bacterial cytochromes {P450}}
}

@Article{	  otey2006,
  author	= {C. R. Otey and M. Landwehr and J. B. Endelman and K.
		  Hiragan and J. D. Bloom and F. H. Arnold},
  title		= {Structure-guided recombination creates an artificial
		  family of cytochromes {P450}},
  journal	= {PLoS Biology},
  year		= {2006},
  pages		= {e112},
  volume	= {4}
}

@Article{	  pages2003recx,
  title		= {recX, a new {SOS} gene that is co-transcribed with the
		  recA gene in \textit{Escherichia coli}},
  author	= {Pag{\`e}s, Vincent and Koffel-Schwartz, Nicole and Fuchs,
		  Robert PP},
  journal	= {DNA repair},
  volume	= {2},
  number	= {3},
  pages		= {273--284},
  year		= {2003},
  publisher	= {Elsevier}
}

@Article{	  pakula1986,
  author	= {A. A. Pakula and V. B. Young and R. T. Sauer},
  title		= {Bacteriophage $\lambda$ \textit{cro} mutations: effects on
		  activity and intracellular degradation},
  journal	= {Proc. Natl. Acad. Sci. USA},
  volume	= {83},
  year		= {1986},
  pages		= {8829--8833}
}

@Article{	  pakula1989,
  author	= {A. A. Pakula and R. T. Sauer},
  title		= {Genetic analysis of protein stability and function},
  journal	= {Annu. Rev. Genet.},
  volume	= {23},
  year		= {1989},
  pages		= {289--310}
}

@Article{	  pal2001,
  author	= {C. Pal and B. Papp and L. D. Hurst},
  journal	= {Genetics},
  title		= {Highly expressed genes in yeast evolve slowly},
  volume	= {158},
  year		= {2001},
  pages		= {927-931}
}

@Article{	  pal2006,
  author	= {C. Pal and B. Papp and M. J. Lercher},
  title		= {An integrated view of protein evolution},
  year		= {2006},
  journal	= {Nature Reviews Genetics},
  volume	= {7},
  pages		= {337-348}
}

@Article{	  pantoliano1989,
  author	= {M. W. Pantoliano and M. Whitlow and J. F. Wood and S. W.
		  Dodd and K. D. Hardman and M. L. Rollence and P. N. Bryan},
  title		= {Large increases in general stability for subtilisin {BPN'}
		  through incremental changes in free energy of unfolding},
  journal	= {Biochemistry},
  year		= {1989},
  pages		= {7205-7213},
  volume	= {28}
}

@Article{	  parisi2001,
  author	= {G. Parisi and J. Echave},
  title		= {Structural constraints and emergence of sequence patterns
		  in protein evolution},
  journal	= {Mol. Biol. Evol.},
  year		= {2001},
  pages		= {750-756},
  volume	= {18}
}

@Article{	  park2005,
  author	= {C. Park and S. Marqusee},
  title		= {Pulse proteolysis: a simple method for quantitative
		  determination of protein stability and ligand binding},
  journal	= {Nat. Methods},
  volume	= {2},
  pages		= {207-212},
  year		= {2005}
}

@Article{	  parthiban2006,
  author	= {V. Parthiban and M. M. Gromiha and D. Schomburg},
  title		= {{CUPSAT}: prediction of protein stability upon point
		  mutations},
  journal	= {Nucleic Acids Res.},
  volume	= {34},
  year		= {2006},
  pages		= {W239-W242}
}

@Article{	  parvin1986,
  title		= {Measurement of the mutation rates of animal viruses:
		  influenza {A} virus and poliovirus type 1.},
  author	= {Parvin, JD and Moscona, A and Pan, WT and Leider, JM and
		  Palese, P},
  journal	= {J. Virology},
  volume	= {59},
  number	= {2},
  pages		= {377--383},
  year		= {1986},
  publisher	= {Am Soc Microbiol},
  doi		= {10.1128/JVI.80.7.3675-3678.2006}
}

@Article{	  pauling1949,
  author	= {Linus Pauling and Harvey A. Itano and S. J. Singer and I.
		  C. Wells},
  title		= {Sickle cell anemia, a molecular disease},
  journal	= {Science},
  year		= {1949},
  pages		= {543-548},
  volume	= {110}
}

@Article{	  paulingdocumentary,
  title		= {It's in the blood! A documentary history of Linus Pauling,
		  hemoglobin, and sickle cell anemia},
  author	= {{Oregon State University Library}},
  journal	= {\url{http://osulibrary.oregonstate.edu/specialcollections/coll/pauling/blood/}}
		  
}

@Article{	  pearson1896mathematical,
  title		= {Mathematical Contributions to the Theory of Evolution.
		  {O}n a Form of Spurious Correlation Which May Arise When
		  Indices Are Used in the Measurement of Organs},
  author	= {Pearson, Karl},
  journal	= {Proceedings of the royal society of london},
  volume	= {60},
  number	= {359-367},
  pages		= {489--498},
  year		= {1896},
  publisher	= {The Royal Society}
}

@Article{	  pearson1910,
  title		= {On the constants of index-distributions as deduced from
		  the like constants for the components of the ratio, with
		  special reference to the opsonic index},
  author	= {Pearson, Karl},
  journal	= {Biometrika},
  volume	= {7},
  number	= {4},
  pages		= {531--541},
  year		= {1910},
  publisher	= {JSTOR},
  doi		= {10.1093/biomet/7.4.531}
}

@Article{	  perl2000,
  author	= {D. Perl and U. Mueller and U. Heinemann and F. X. Schmid},
  title		= {Two exposed amino acid residues confer thermostability on
		  a cold shock protein},
  journal	= {Nature Structural Biology},
  year		= {2000},
  volume	= {7},
  pages		= {380-383}
}

@Article{	  peters2003,
  author	= {M. W. Peters and P. Meinhold and A. Glieder and F. H.
		  Arnold},
  title		= {Regio- and enantioselective alkane hydroxylation with
		  engineered cytochromes {P450 BM-3}},
  journal	= {J. Amer. Chem. Soc.},
  year		= {2003},
  pages		= {13442-13450},
  volume	= {125}
}

@Article{	  piganeau2004,
  author	= {G. Piganeau and M. Gardner and A. Eyre-Walker},
  title		= {A broad survey of recombination in animal mitochondria},
  journal	= {Mol. Biol. Evol.},
  year		= {2004},
  volume	= {21},
  pages		= {2319-2325}
}

@Article{	  pino2000,
  author	= {I. M. P. del Pino and B. Ibarra-Molero and J. M.
		  Sanchez-Ruiz},
  title		= {Lower kinetic limit to protein thermal stability: a
		  proposal regarding protein stability \textit{in vivo} and
		  its relation with misfolding diseases},
  journal	= {Proteins},
  year		= {2000},
  pages		= {58-70},
  volume	= {40}
}

@Article{	  pizzorno2011,
  author	= {A. Pizzorno and X. Bouhy and Y. Abed and G. Boivin},
  title		= {Generation and characterization of recombinant pandemic
		  influenza {A(H1N1)} viruses resistant to neuraminidase
		  inhibitors},
  journal	= {J. Infect. Dis.},
  year		= {2011},
  volume	= {203},
  pages		= {25-31}
}

@Article{	  plotkin2006,
  author	= {J. B. Plotkin and J. Dushoff and M. M. Desai and H. B.
		  Fraser},
  title		= {Codon usage and selection in proteins},
  journal	= {J. Mol. Evol.},
  year		= {2006},
  volume	= {63},
  pages		= {635-653}
}

@Article{	  poelwijk2007,
  author	= {F. J. Poelwijk and D. J. Kiviet and D. M. Weinreich and S.
		  J. Tans},
  title		= {Empirical fitness landscapes reveal accessible
		  evolutionary paths},
  journal	= {Nature},
  volume	= {445},
  pages		= {383-386},
  year		= {2007}
}

@Article{	  pollock2012amino,
  title		= {Amino acid coevolution induces an evolutionary Stokes
		  shift},
  author	= {Pollock, David D and Thiltgen, Grant and Goldstein,
		  Richard A},
  journal	= {Proc. Natl. Acad. Sci. USA},
  volume	= {109},
  number	= {21},
  pages		= {E1352--E1359},
  year		= {2012},
  publisher	= {National Acad Sciences}
}

@Article{	  pollock2014strong,
  title		= {Strong evidence for protein epistasis, weak evidence
		  against it},
  author	= {Pollock, David D and Goldstein, Richard A},
  journal	= {Proc. Natl. Acad. Sci. USA},
  pages		= {201401112},
  year		= {2014},
  publisher	= {National Acad Sciences}
}

@Article{	  pond2005hyphy,
  title		= {{HyPhy}: hypothesis testing using phylogenies},
  author	= {Pond, Sergei L and Frost, Simon DW and Muse, Spencer V},
  journal	= {Bioinformatics},
  volume	= {21},
  number	= {5},
  pages		= {676--679},
  year		= {2005},
  publisher	= {Oxford University Press}
}

@Article{	  pond2005not,
  title		= {Not so different after all: a comparison of methods for
		  detecting amino acid sites under selection},
  author	= {Pond, Sergei L Kosakovsky and Frost, Simon DW},
  journal	= {Molecular Biology and Evolution},
  volume	= {22},
  number	= {5},
  pages		= {1208--1222},
  year		= {2005},
  publisher	= {SMBE}
}

@Article{	  pond2008,
  author	= {S. L. K. Pond and A. F. Y. Poon and A. J. L. Brown and S.
		  D. W. Frost},
  title		= {A maximum likelihood method for detecting directional
		  evolution in protein sequences and its application to
		  influenza {A} virus},
  journal	= {Mol. Biol. Evol.},
  volume	= {25},
  pages		= {1809-1824},
  year		= {2008}
}

@Article{	  pond2010correcting,
  title		= {Correcting the bias of empirical frequency parameter
		  estimators in codon models},
  author	= {Pond, Sergei Kosakovsky and Delport, Wayne and Muse,
		  Spencer V and Scheffler, Konrad},
  journal	= {PLoS One},
  volume	= {5},
  number	= {7},
  pages		= {e11230},
  year		= {2010},
  publisher	= {Public Library of Science}
}

@Article{	  portela2002influenza,
  title		= {The influenza virus nucleoprotein: a multifunctional
		  {RNA}-binding protein pivotal to virus replication},
  author	= {Portela, Agustin and Digard, Paul},
  journal	= {Journal of General Virology},
  volume	= {83},
  number	= {4},
  pages		= {723--734},
  year		= {2002},
  publisher	= {Soc General Microbiol}
}

@Article{	  posada2002,
  author	= {D. Posada},
  title		= {Evaluation of methods for detecting recombination from
		  {DNA} sequences: empirical data},
  journal	= {Mol. Biol. Evol.},
  year		= {2002},
  volume	= {19},
  pages		= {708-717}
}

@Article{	  posada2004model,
  title		= {Model selection and model averaging in phylogenetics:
		  advantages of Akaike information criterion and Bayesian
		  approaches over likelihood ratio tests},
  author	= {Posada, David and Buckley, Thomas R},
  journal	= {Systematic Biology},
  volume	= {53},
  number	= {5},
  pages		= {793--808},
  year		= {2004},
  publisher	= {Oxford University Press}
}

@Article{	  potapov2009assessing,
  title		= {Assessing computational methods for predicting protein
		  stability upon mutation: good on average but not in the
		  details},
  author	= {Potapov, Vladimir and Cohen, Mati and Schreiber, Gideon},
  journal	= {Prot. Eng. Des. Sel.},
  volume	= {22},
  number	= {9},
  pages		= {553--560},
  year		= {2009},
  publisher	= {Oxford Univ Press}
}

@Article{	  poteete1997,
  author	= {A. R. Poteete and D. Rennell and S. E. Bouvier and L. W.
		  Hardy},
  title		= {Alteration of {T}4 lysozyme structure by second--site
		  reversion of deleterious mutations},
  journal	= {Protein Sci.},
  volume	= {6},
  pages		= {2418--2425},
  year		= {1997}
}

@Article{	  povolotskaya2010sequence,
  title		= {Sequence space and the ongoing expansion of the protein
		  universe},
  author	= {Povolotskaya, Inna S and Kondrashov, Fyodor A},
  journal	= {Nature},
  volume	= {465},
  number	= {7300},
  pages		= {922--926},
  year		= {2010},
  publisher	= {Nature Publishing Group}
}

@Book{		  provine1986,
  author	= {W. B. Provine},
  title		= {Sewall Wright and Evolutionary Biology},
  year		= {1986},
  publisher	= {University of Chicago Press},
  address	= {Chicago, Illinois}
}

@Article{	  pylypenko2004,
  author	= {O. Pylypenko and I. Schlicting},
  journal	= {Annu. Rev. Biochem.},
  title		= {Structural aspects of ligand binding to and electron
		  transfer in bacterial and fungal {P450s}},
  volume	= {73},
  pages		= {991-1018},
  year		= {2004}
}

@Misc{		  pystan-software:2014,
  author	= {{Stan Development Team}},
  year		= {2014},
  title		= {PyStan: the Python interface to Stan, Version 2.5.0},
  url		= {http://mc-stan.org/pystan.html}
}

@Article{	  qiao1999specific,
  title		= {A specific point mutant at position 1 of the influenza
		  hemagglutinin fusion peptide displays a hemifusion
		  phenotype},
  author	= {Qiao, Hui and Armstrong, R Todd and Melikyan, Grigory B
		  and Cohen, Fredric S and White, Judith M},
  journal	= {Molecular Biology of the Cell},
  volume	= {10},
  number	= {8},
  pages		= {2759--2769},
  year		= {1999},
  publisher	= {Am Soc Cell Biol}
}

@Article{	  qiu2012yak,
  title		= {The yak genome and adaptation to life at high altitude},
  author	= {Qiu, Qiang and Zhang, Guojie and Ma, Tao and Qian, Wubin
		  and Wang, Junyi and Ye, Zhiqiang and Cao, Changchang and
		  Hu, Quanjun and Kim, Jaebum and Larkin, Denis M and
		  others},
  journal	= {Nature genetics},
  volume	= {44},
  number	= {8},
  pages		= {946--949},
  year		= {2012},
  publisher	= {Nature Publishing Group}
}

@Article{	  rabadan2006,
  author	= {R. Rabadan and A. J. Levine and H. Robins},
  title		= {Comparison of avian and human influenza {A} viruses
		  reveals a mutational bias on the viral genomes},
  journal	= {Journal of Virology},
  year		= {2006},
  pages		= {11887-11891},
  volume	= {80}
}

@Article{	  rambaut2008,
  author	= {A. Rambaut and O. G. Pybus and M. I. Nelson and C. Viboud
		  and J. K. Taubenberger and E. C. Holmes},
  title		= {The genomic and epidemiological dynamics of human
		  influenza {A} virus},
  year		= {2008},
  journal	= {Nature},
  pages		= {615-619},
  volume	= {453}
}

@Article{	  rameix-welti2008,
  author	= {M. A. Rameix-Welti and V. Enouf and F. Cuvelier and P.
		  Jeannin and S. van der Werf},
  journal	= {PLoS Pathog.},
  title		= {Enzymatic Properties of the Neuraminidase of Seasonal
		  {H1N1} influenza viruses provide insights for the emergence
		  of natural resistance to oseltamivir},
  year		= {2008},
  volume	= {4},
  pages		= {e1000103}
}

@Article{	  ramsey2011relationship,
  title		= {The relationship between relative solvent accessibility
		  and evolutionary rate in protein evolution},
  author	= {Ramsey, Duncan C and Scherrer, Michael P and Zhou, Tong
		  and Wilke, Claus O},
  journal	= {Genetics},
  volume	= {188},
  number	= {2},
  pages		= {479--488},
  year		= {2011},
  publisher	= {Genetics Soc America}
}

@Article{	  reed1938simple,
  title		= {A simple method of estimating fifty per cent endpoints},
  author	= {Reed, Lowell Jacob and Muench, Hugo},
  journal	= {American Journal of Epidemiology},
  volume	= {27},
  number	= {3},
  pages		= {493--497},
  year		= {1938},
  publisher	= {Oxford Univ Press}
}

@Article{	  rees2001,
  author	= {D. C. Rees and A. D. Robertson},
  title		= {Some thermodynamic implications for the thermostability of
		  proteins},
  journal	= {Protein Sci.},
  volume	= {10},
  year		= {2001},
  pages		= {1187-1194}
}

@Article{	  rennell1991,
  author	= {D. Rennell and S. E. Bouvier and L. W. Hardy and A. R.
		  Poteete},
  title		= {Systematic mutation of bacteriophage {T}4 lysozyme},
  journal	= {J. Mol. Biol.},
  pages		= {67--87},
  year		= {1991},
  volume	= {222}
}

@Article{	  rice2000emboss,
  title		= {EMBOSS: the European molecular biology open software
		  suite},
  author	= {Rice, Peter and Longden, Ian and Bleasby, Alan},
  journal	= {Trends in Genetics},
  volume	= {16},
  number	= {6},
  pages		= {276--277},
  year		= {2000},
  publisher	= {Elsevier Current Trends}
}

@Article{	  richman1983antigenic,
  title		= {Antigenic analysis of strains of {Ebola} virus:
		  identification of two {Ebola} virus serotypes},
  author	= {Richman, Douglas D and Cleveland, Patrick H and McCormick,
		  Joseph B and Johnson, Karl M},
  journal	= {Journal of Infectious Diseases},
  volume	= {147},
  number	= {2},
  pages		= {268--271},
  year		= {1983},
  publisher	= {Oxford University Press}
}

@Article{	  rimmelzwaan2004functional,
  title		= {Functional compensation of a detrimental amino acid
		  substitution in a cytotoxic-{T}-lymphocyte epitope of
		  influenza a viruses by comutations},
  author	= {Rimmelzwaan, GF and Berkhoff, EGM and Nieuwkoop, NJ and
		  Fouchier, RAM and Osterhaus, ADME},
  journal	= {Journal of Virology},
  volume	= {78},
  number	= {16},
  pages		= {8946--8949},
  year		= {2004},
  publisher	= {Am Soc Microbiol}
}

@Article{	  rimmelzwaan2004sequence,
  title		= {Sequence variation in the influenza {A} virus
		  nucleoprotein associated with escape from cytotoxic {T}
		  lymphocytes},
  author	= {Rimmelzwaan, GF and Boon, ACM and Voeten, JTM and
		  Berkhoff, EGM and Fouchier, RAM and Osterhaus, ADME},
  journal	= {Virus research},
  volume	= {103},
  number	= {1},
  pages		= {97--100},
  year		= {2004},
  publisher	= {Elsevier}
}

@Article{	  robinson1981comparison,
  title		= {Comparison of phylogenetic trees},
  author	= {Robinson, DF and Foulds, Leslie R},
  journal	= {Mathematical Biosciences},
  volume	= {53},
  number	= {1},
  pages		= {131--147},
  year		= {1981},
  publisher	= {Elsevier}
}

@Article{	  rocha2004,
  author	= {E. P. C. Rocha and A. Danchin},
  title		= {An analysis of determinants of amino acids substitution
		  rates in bacterial proteins},
  journal	= {Mol. Biol. Evol.},
  volume	= {21},
  year		= {2004},
  pages		= {108--116}
}

@Article{	  rodrigue2009computational,
  title		= {Computational methods for evaluating phylogenetic models
		  of coding sequence evolution with dependence between
		  codons},
  author	= {Rodrigue, Nicolas and Kleinman, Claudia L and Philippe,
		  Herv{\'e} and Lartillot, Nicolas},
  journal	= {Mol. Biol. Evol.},
  volume	= {26},
  number	= {7},
  pages		= {1663--1676},
  year		= {2009},
  publisher	= {SMBE}
}

@Article{	  rodrigue2010mutation,
  title		= {Mutation-selection models of coding sequence evolution
		  with site-heterogeneous amino acid fitness profiles},
  author	= {Rodrigue, Nicolas and Philippe, Herv{\'e} and Lartillot,
		  Nicolas},
  journal	= {Proceedings of the National Academy of Sciences},
  volume	= {107},
  number	= {10},
  pages		= {4629--4634},
  year		= {2010},
  publisher	= {National Acad Sciences}
}

@Article{	  rodrigue2013statistical,
  title		= {On the statistical interpretation of site-specific
		  variables in phylogeny-based substitution models},
  author	= {Rodrigue, Nicolas},
  journal	= {Genetics},
  volume	= {193},
  number	= {2},
  pages		= {557--564},
  year		= {2013},
  publisher	= {Genetics Soc America}
}

@Article{	  rokas2008frequent,
  title		= {Frequent and widespread parallel evolution of protein
		  sequences},
  author	= {Rokas, Antonis and Carroll, Sean B},
  journal	= {Molecular Biology and Evolution},
  volume	= {25},
  number	= {9},
  pages		= {1943--1953},
  year		= {2008},
  publisher	= {SMBE}
}

@Article{	  ronquist2003,
  author	= {F. Ronquist and J. P. Huelsenbeck},
  title		= {{MrBayes 3}: {B}ayesian phylogenetic inference under mixed
		  models},
  year		= {2003},
  volume	= {19},
  journal	= {Bioinformatics},
  pages		= {1572-1574}
}

@Article{	  ronquist2012mrbayes,
  title		= {{MrBayes 3.2}: efficient Bayesian phylogenetic inference
		  and model choice across a large model space},
  author	= {Ronquist, Fredrik and Teslenko, Maxim and van der Mark,
		  Paul and Ayres, Daniel L and Darling, Aaron and H{\"o}hna,
		  Sebastian and Larget, Bret and Liu, Liang and Suchard, Marc
		  A and Huelsenbeck, John P},
  journal	= {Systematic biology},
  volume	= {61},
  number	= {3},
  pages		= {539--542},
  year		= {2012},
  publisher	= {Oxford University Press}
}

@Article{	  roodveldt2005,
  author	= {Cintia Roodveldt and Dan S. Tawfik},
  title		= {Shared promiscuous activities and evolutionary features in
		  various members of the amidohydrolase superfamily},
  journal	= {Biochemistry},
  pages		= {12728-12736},
  year		= {2005},
  volume	= {44}
}

@Article{	  rorick2013influenza,
  title		= {Influenza evolution navigates stability valleys},
  author	= {Rorick, Mary M and Pascual, Mercedes},
  journal	= {eLife},
  volume	= {2},
  year		= {2013},
  publisher	= {eLife Sciences Publications Limited}
}

@Article{	  roscoe2013analyses,
  title		= {Analyses of the effects of all ubiquitin point mutants on
		  yeast growth rate},
  author	= {Roscoe, Benjamin P and Thayer, Kelly M and Zeldovich,
		  Konstantin B and Fushman, David and Bolon, Daniel NA},
  journal	= {J. Mol. Biol.},
  year		= {2013},
  publisher	= {Elsevier}
}

@Article{	  russell2004h1,
  title		= {H1 and H7 influenza haemagglutinin structures extend a
		  structural classification of haemagglutinin subtypes},
  author	= {Russell, RJ and Gamblin, SJ and Haire, LF and Stevens, DJ
		  and Xiao, B and Ha, Y and Skehel, JJ},
  journal	= {Virology},
  volume	= {325},
  number	= {2},
  pages		= {287--296},
  year		= {2004},
  publisher	= {Elsevier}
}

@Article{	  russell2006,
  author	= {R. J. Russell and L. F. Haire and D. J. Stevens and P. J.
		  Collins and Y. P. Lin and G. M. Blackburn and A. J. Hay and
		  S. J. Gamblin and J. J. Skehel},
  title		= {The structure of {H5N1} avian influenza neuraminidase
		  suggests new opportunities for drug design},
  journal	= {Nature},
  volume	= {443},
  year		= {2006},
  pages		= {45-49}
}

@Article{	  sabbagh1998,
  author	= {Y. Sabbagh and E. Theriault and F. Sanschagrin and N.
		  Voyer and T. Palzkill and R. C. Levesque},
  title		= {Characterization of a PSE-4 mutant with different
		  properties in relation to penicillanic acid sulfones:
		  Importance of residues 216 to 218 in class A lactamases},
  journal	= {Antimicrob. Agents Chemother.},
  volume	= {42},
  year		= {1998},
  pages		= {2319--2325}
}

@Article{	  sainudiin2004,
  author	= {R. Sainudiin and W. S. W. Wong and K. Yogeeswaran and J.
		  B. Nasrallah and Z. Yang and R. Nielsen},
  title		= {Detecting site-specific physicochemical selective
		  pressures: applications to the class {I} {HLA} of the human
		  major histocompatibility complex and the {SRK} of the plant
		  sporophytic self-incompatibility system},
  journal	= {J. Mol. Evol.},
  year		= {2005},
  pages		= {315-326},
  volume	= {60}
}

@Article{	  saitou1987neighbor,
  title		= {The neighbor-joining method: a new method for
		  reconstructing phylogenetic trees.},
  author	= {Saitou, Naruya and Nei, Masatoshi},
  journal	= {Mol. Biol. Evol.},
  volume	= {4},
  number	= {4},
  pages		= {406--425},
  year		= {1987},
  publisher	= {SMBE}
}

@Article{	  sakaue2003,
  author	= {R. Sakaue and N. Kajiyama},
  title		= {Thermostabilization of bacterial fructosyl-amino acid
		  oxidase by directed evolution},
  journal	= {Appl. Environ. Microbiol.},
  year		= {2003},
  pages		= {139-145},
  volume	= {69}
}

@Article{	  salazar2003,
  author	= {O. Salazar and P. C. Cirino and F. H. Arnold},
  title		= {Thermostabilization of a cytochrome {P}450 peroxygenase},
  journal	= {ChemBioChem},
  year		= {2003},
  volume	= {4},
  pages		= {891--893}
}

@Article{	  sancar1979physical,
  title		= {Physical map of the {recA} gene},
  author	= {Sancar, Aziz and Rupp, W DEAN},
  journal	= {Proceedings of the National Academy of Sciences},
  volume	= {76},
  number	= {7},
  pages		= {3144--3148},
  year		= {1979},
  publisher	= {National Acad Sciences}
}

@Article{	  sanchez-ruiz2010,
  author	= {J. M. Sanchez-Ruiz},
  title		= {Protein kinetic stability},
  year		= {2010},
  journal	= {Biophysical Chemistry},
  volume	= {148},
  pages		= {1-15}
}

@Article{	  sanchez2006,
  author	= {I. E. Sanchez and J. Tejero and C. Gomez-Moreno and M.
		  Medina and L. Serrano},
  title		= {Point mutations in protein globular domains: contributions
		  from function, stability, and misfolding},
  journal	= {J. Mol. Biol.},
  volume	= {363},
  year		= {2006},
  pages		= {422-432}
}

@Article{	  sandberg1993,
  author	= {W. S. Sandberg and T. C. Terwilleger},
  title		= {Engineering multiple properties of a protein by
		  combinatorial mutagenesis},
  journal	= {Proc. Natl. Acad. Sci. USA},
  volume	= {90},
  year		= {1993},
  pages		= {8367-8371}
}

@Article{	  sander1991database,
  title		= {Database of homology-derived protein structures and the
		  structural meaning of sequence alignment},
  author	= {Sander, Chris and Schneider, Reinhard},
  journal	= {Proteins: Structure, Function, and Bioinformatics},
  volume	= {9},
  number	= {1},
  pages		= {56--68},
  year		= {1991},
  publisher	= {Wiley Online Library}
}

@Article{	  santos2004identification,
  title		= {Identification and phylogenetic sorting of bacterial
		  lineages with universally conserved genes and proteins},
  author	= {Santos, Scott R and Ochman, Howard},
  journal	= {Environmental Microbiology},
  volume	= {6},
  number	= {7},
  pages		= {754--759},
  year		= {2004},
  publisher	= {Wiley Online Library}
}

@Article{	  sato2001,
  author	= {S. Sato and S. Xiang and D. P. Raleigh},
  title		= {On the relationship between protein stability and folding
		  kinetics: a comparative study of the {N}-terminal domains
		  of {RNase HI}, \textit{{E}. coli} and \textit{{B}acillus
		  stearothermophilus} {L9}},
  journal	= {J. Mol. Biol.},
  year		= {2001},
  pages		= {569-577},
  volume	= {312}
}

@Article{	  saunders2002,
  author	= {C. T. Saunders and D. Baker},
  title		= {Evaluation of structural and evolutionary contributions to
		  deleterious protein mutation prediction},
  journal	= {J. Mol. Biol.},
  volume	= {322},
  pages		= {891--901},
  year		= {2002}
}

@Article{	  saven2000,
  author	= {J. Zou and J. G. Saven},
  title		= {Statistical theory of combinatorial libraries of folding
		  proteins: energetic discrimination of a target structure},
  journal	= {J. Mol. Biol.},
  volume	= {296},
  pages		= {281--294},
  year		= {2000}
}

@Article{	  sawyer2003,
  author	= {S. A. Sawyer and R. J. Kulathinal and C. D. Bustamante and
		  D. L. Hartl},
  title		= {{B}ayesian analysis suggests that most amino acid
		  replacements in \textit{Drosophila} are drive by positive
		  selection},
  journal	= {J. Mol. Evol.},
  volume	= {57},
  pages		= {154-164},
  year		= {2003}
}

@Article{	  scalley-kim2004,
  author	= {M. Scalley-Kim and D. Baker},
  journal	= {J. Mol. Biol.},
  title		= {Characterization of the folding energy landscapes of
		  computer generated proteins suggests high folding free
		  energy barriers and coperativity may be consequences of
		  natural selection},
  year		= {2004},
  volume	= {338},
  pages		= {573-583}
}

@Article{	  scheef2005,
  author	= {E. D. Scheef and P. E. Bourne},
  title		= {Structural evolution of the protein kinase-like
		  superfamily},
  journal	= {PLoS Comput. Biol.},
  year		= {2005},
  volume	= {1},
  pages		= {e49}
}

@Article{	  scherrer2012modeling,
  title		= {Modeling coding-sequence evolution within the context of
		  residue solvent accessibility},
  author	= {Scherrer, Michael P and Meyer, Austin G and Wilke, Claus
		  O},
  journal	= {BMC Evol. Bio.},
  volume	= {12},
  number	= {1},
  pages		= {179},
  year		= {2012},
  publisher	= {BioMed Central Ltd}
}

@Article{	  schindelin1993,
  author	= {H. Schindelin and M. A. Marahiel and U. Heinemann},
  title		= {Universal nucleic acid-binding domain revealed by crystal
		  structure of the \textit{B. subtilis} major cold-shock
		  protein},
  journal	= {Nature},
  year		= {1993},
  volume	= {364},
  pages		= {164-168}
}

@Article{	  schlinkmann2012critical,
  title		= {Critical features for biosynthesis, stability, and
		  functionality of a G protein-coupled receptor uncovered by
		  all-versus-all mutations},
  author	= {Schlinkmann, Karola M and Honegger, Annemarie and
		  T{\"u}reci, Esin and Robison, Keith E and Lipov{\v{s}}ek,
		  Da{\v{s}}a and Pl{\"u}ckthun, Andreas},
  journal	= {Proceedings of the National Academy of Sciences},
  volume	= {109},
  number	= {25},
  pages		= {9810--9815},
  year		= {2012},
  publisher	= {National Acad Sciences}
}

@Article{	  schmitt1995cloning,
  title		= {Cloning of the \textit{Helicobacter pylori} {recA} gene
		  and functional characterization of its product},
  author	= {Schmitt, Wolfgang and Odenbreit, Stefan and Heuermann,
		  Dorothee and Haas, Rainer},
  journal	= {Molecular and General Genetics MGG},
  volume	= {248},
  number	= {5},
  pages		= {563--572},
  year		= {1995},
  publisher	= {Springer}
}

@Article{	  schmitt2012detection,
  title		= {Detection of ultra-rare mutations by next-generation
		  sequencing},
  author	= {Schmitt, Michael W and Kennedy, Scott R and Salk, Jesse J
		  and Fox, Edward J and Hiatt, Joseph B and Loeb, Lawrence
		  A},
  journal	= {Proc. Natl. Acad. Sci. USA},
  volume	= {109},
  number	= {36},
  pages		= {14508--14513},
  year		= {2012},
  publisher	= {National Acad Sciences}
}

@Article{	  schneider1990,
  title		= {Sequence logos: a new way to display consensus sequences},
  author	= {Schneider, Thomas D and Stephens, R Michael},
  journal	= {Nucleic Acids Res.},
  volume	= {18},
  number	= {20},
  pages		= {6097--6100},
  year		= {1990},
  publisher	= {Oxford Univ Press},
  doi		= {10.1093/nar/18.20.6097}
}

@Article{	  schurmann2004,
  author	= {T. Schurmann},
  title		= {Bias analysis in entropy estimation},
  journal	= {J. Phys. A: Math. Gen.},
  year		= {2004},
  volume	= {37},
  pages		= {L295-L301}
}

@Article{	  schwaneberg1999,
  author	= {Ulrich Schwaneberg and Claudia Schmidt-Dannert and Jutta
		  Schmitt and Rolf Dieter Schmid},
  title		= {A continuous spectrophotometric assay for {P450 BM-3}, a
		  fatty acid hydroxylating enzyme, and its mutant {F87A}},
  journal	= {Analytical Biochemistry},
  year		= {1999},
  volume	= {269},
  pages		= {359-366}
}

@Misc{		  sciencenote,
  note		= {Materials and methods are available as supplementary
		  material on \textit{Science} online.}
}

@Article{	  seibert2010,
  author	= {C. W. Seibert and M. Kaminski and J. Philipp and D.
		  Rubbenstroh and R. A. Albrecht and F. Schwalm and S. Stertz
		  and R. A. Medina and G. Kochs and A. Garcia-Sastre and P.
		  Stacheli and P. Palese},
  title		= {Oseltamivir-resistant variants of the 2009 pandemic {H1N1}
		  influenza {A} virus are not attenuated in the guinea pig
		  and ferret transmission models},
  journal	= {J. Virology},
  year		= {2010},
  volume	= {84},
  pages		= {11219-11226}
}

@Article{	  seoighe2007,
  author	= {C. Seoighe and F. Ketwaroo and V. Pillay and K. Scheffler
		  and N. Wood and R. Duffet and M. Zvelebil and N. Martinson
		  and J. McIntyre and L. Morris and W. Hide},
  journal	= {Mol. Biol. Evol.},
  year		= {2007},
  title		= {A model of directional selection applied to the evolution
		  of drug resistance in {HIV-1}},
  volume	= {24},
  pages		= {1025-1031}
}

@Article{	  serohijos2014contribution,
  title		= {Contribution of selection for protein folding stability in
		  shaping the patterns of polymorphisms in coding regions},
  author	= {Serohijos, Adrian WR and Shakhnovich, Eugene I},
  journal	= {Molecular Biology and Evolution},
  volume	= {31},
  number	= {1},
  pages		= {165--176},
  year		= {2014},
  publisher	= {SMBE}
}

@Article{	  serrano1993,
  author	= {L. Serrano and A. G. Day and A. R. Fersht},
  title		= {Step-wise mutation of barnase to binase: a procedure for
		  engineering increased stability of proteins and an
		  experimental analysis of the evolution of protein
		  stability},
  journal	= {J. Mol. Biol.},
  volume	= {233},
  year		= {1993},
  pages		= {305--312}
}

@Article{	  shafikhani1997,
  author	= {S. Shafikhani and R. A. Siegel and E. Ferrari and V.
		  Schellenberger},
  title		= {Generation of large libraries of random mutants in
		  \textit{Bacillus subtilis} by {PCR}-based plasmid
		  multimerization},
  journal	= {BioTechniques},
  volume	= {23},
  pages		= {304--310},
  year		= {1997}
}

@Article{	  shakhnovich1991,
  author	= {E. I. Shakhnovich and A. M. Gutin},
  journal	= {J. Theor. Biol.},
  title		= {Influence of point mutations on protein structure:
		  probability of a neutral mutation},
  volume	= {149},
  year		= {1991},
  pages		= {537--546}
}

@Article{	  shakhnovich1993,
  author	= {E. I. Shakhnovich and A. M. Gutin},
  title		= {Engineering of stable and fast--folding sequences of model
		  proteins},
  journal	= {Proc. Natl. Acad. Sci. USA},
  volume	= {90},
  pages		= {7195--7199},
  year		= {1993}
}

@Article{	  shakhnovich1998,
  author	= {E. I. Shakhnovich},
  title		= {Protein design: a perspective from simple tractable
		  models},
  journal	= {Fold. Des.},
  year		= {1998},
  volume	= {3},
  pages		= {R45--R58}
}

@Article{	  sharp1987,
  author	= {P. M. Sharp and W. H. Li},
  title		= {The codon adaptation index --- a measure of directional
		  synonymous codon usage bias, and its potential
		  applications},
  journal	= {Nucl. Acids. Res.},
  volume	= {15},
  year		= {1987},
  pages		= {1281--1295}
}

@Article{	  sheerar1989antigenic,
  title		= {Antigenic conservation of {H1N1} swine influenza viruses},
  author	= {Sheerar, MG and Easterday, BC and Hinshaw, VS},
  journal	= {Journal of General Virology},
  volume	= {70},
  number	= {12},
  pages		= {3297--3303},
  year		= {1989},
  publisher	= {Soc General Microbiol}
}

@Article{	  sheshberadaran1983monoclonal,
  title		= {Monoclonal antibodies against five structural components
		  of measles virus I. Characterization of antigenic
		  determinants on nine strains of measles virus},
  author	= {Sheshberadaran, Hooshmand and Chen, Shou-Ni and Norrby,
		  Erling},
  journal	= {Virology},
  volume	= {128},
  number	= {2},
  pages		= {341--353},
  year		= {1983},
  publisher	= {Elsevier}
}

@Article{	  shoichet1995,
  author	= {B. K. Shoichet and W. A. Baase and R. Kuroki and B. W.
		  Matthews},
  title		= {A relationship between protein stability and protein
		  function},
  journal	= {Proc. Natl. Acad. Sci. USA},
  year		= {1995},
  volume	= {92},
  pages		= {452-456}
}

@Article{	  shortle1985,
  author	= {D. Shortle and B. Lin},
  title		= {Genetic analysis of staphylococcal nuclease:
		  identification of three intragenic ``global'' suppressors
		  of nuclease-minus mutations},
  journal	= {Genetics},
  year		= {1985},
  volume	= {110},
  pages		= {539--555}
}

@Article{	  siebenga2007,
  title		= {Epochal evolution of GGII. 4 norovirus capsid proteins
		  from 1995 to 2006},
  author	= {Siebenga, J Joukje and Vennema, Harry and Renckens,
		  Bernadet and de Bruin, Erwin and van der Veer, Bas and
		  Siezen, Roland J and Koopmans, Marion},
  journal	= {Journal of Virology},
  volume	= {81},
  number	= {18},
  pages		= {9932--9941},
  year		= {2007},
  publisher	= {Am Soc Microbiol}
}

@Article{	  sinha2002uv,
  title		= {UV-induced {DNA} damage and repair: a review},
  author	= {Sinha, Rajeshwar P and H{\"a}der, Donat-P},
  journal	= {Photochemical \& Photobiological Sciences},
  volume	= {1},
  number	= {4},
  pages		= {225--236},
  year		= {2002},
  publisher	= {Royal Society of Chemistry}
}

@Article{	  sippl1995,
  title		= {Knowledge-based potentials for proteins},
  journal	= {Curr. Opin. Struct. Biol.},
  author	= {M. F. Sippl},
  year		= {1995},
  pages		= {229-235},
  volume	= {5}
}

@Article{	  smith1970,
  author	= {J. M. Smith},
  title		= {Natural selection and the concept of a protein space},
  journal	= {Nature},
  pages		= {563--564},
  year		= {1970},
  volume	= {225}
}

@Article{	  smith1992,
  author	= {J. M. Smith},
  title		= {Analyzing the mosaic structure of genes},
  journal	= {J. Mol. Evol.},
  volume	= {34},
  year		= {1992},
  pages		= {126-129}
}

@Article{	  smith2004,
  title		= {Mapping the antigenic and genetic evolution of influenza
		  virus},
  author	= {Smith, Derek J and Lapedes, Alan S and de Jong, Jan C and
		  Bestebroer, Theo M and Rimmelzwaan, Guus F and Osterhaus,
		  Albert DME and Fouchier, Ron AM},
  journal	= {Science},
  volume	= {305},
  number	= {5682},
  pages		= {371--376},
  year		= {2004},
  publisher	= {American Association for the Advancement of Science}
}

@Article{	  smith2009,
  author	= {G. J. Smith and D. Vijaykrishna and J. Bahl and S. J.
		  Lycett and M. Worobey and O. G. Pybus and S. K. Ma and C.
		  L. Cheung and J. Raghwani and S. Bhatt and J. S. Peiris and
		  Y. Guan and A. Rambaut},
  title		= {Origins and evolutionary genomics of the 2009 swine-origin
		  {H1N1} influenza {A} epidemic},
  journal	= {Nature},
  year		= {2009},
  volume	= {459},
  pages		= {1122-1125}
}

@Article{	  sniegowski2006,
  author	= {P. D. Sniegowski and H. A. Murphy},
  title		= {Evolvability},
  journal	= {Current Biology},
  volume	= {16},
  year		= {2006},
  pages		= {R831-R834}
}

@Article{	  socci1998,
  author	= {N. D. Socci and J. N. Onuchic and P. G. Wolynes},
  title		= {Protein folding mechanisms and the multidimensional
		  folding funnel},
  journal	= {Proteins},
  year		= {1998},
  volume	= {32},
  pages		= {136--158}
}

@Article{	  somero1995,
  author	= {G. N. Somero},
  title		= {Proteins and temperature},
  journal	= {Annu. Rev. Physiol.},
  year		= {1995},
  pages		= {43--68},
  volume	= {57}
}

@Article{	  stamatakis2006raxml,
  title		= {RAxML-VI-HPC: maximum likelihood-based phylogenetic
		  analyses with thousands of taxa and mixed models},
  author	= {Stamatakis, Alexandros},
  journal	= {Bioinformatics},
  volume	= {22},
  number	= {21},
  pages		= {2688--2690},
  year		= {2006},
  publisher	= {Oxford Univ Press}
}

@Article{	  starita2013activity,
  title		= {Activity-enhancing mutations in an {E3} ubiquitin ligase
		  identified by high-throughput mutagenesis},
  author	= {Starita, Lea M and Pruneda, Jonathan N and Lo, Russell S
		  and Fowler, Douglas M and Kim, Helen J and Hiatt, Joseph B
		  and Shendure, Jay and Brzovic, Peter S and Fields, Stanley
		  and Klevit, Rachel E},
  journal	= {Proc. Natl. Acad. Sci. USA},
  volume	= {110},
  number	= {14},
  pages		= {E1263--E1272},
  year		= {2013},
  publisher	= {National Acad Sciences}
}

@Article{	  stech2005new,
  title		= {A new approach to an influenza live vaccine: modification
		  of the cleavage site of hemagglutinin},
  author	= {Stech, J and Garn, H and Wegmann, M and Wagner, R and
		  Klenk, HD},
  journal	= {Nature medicine},
  volume	= {11},
  number	= {6},
  pages		= {683--689},
  year		= {2005},
  publisher	= {Nature Publishing Group}
}

@Article{	  steipe1994,
  title		= {Sequence statistics reliably predict stabilizing mutations
		  in a protein domain},
  author	= {B. Steipe and B. Schiller and A. Pluckthun and S.
		  Steinbacher},
  year		= {1994},
  volume	= {240},
  pages		= {188-192},
  journal	= {J. Mol. Biol.}
}

@Article{	  steipe2004,
  author	= {B. Steipe},
  title		= {Consensus-based engineering of protein stability: from
		  intrabodies to thermostable enzymes},
  year		= {2004},
  journal	= {Methods in enzymology},
  volume	= {388},
  pages		= {176-186}
}

@Article{	  stoltzfus2009climbing,
  title		= {Climbing mount probable: mutation as a cause of
		  nonrandomness in evolution},
  author	= {Stoltzfus, Arlin and Yampolsky, Lev Y},
  journal	= {Journal of heredity},
  volume	= {100},
  number	= {5},
  pages		= {637--647},
  year		= {2009},
  publisher	= {Am Genetic Assoc}
}

@Article{	  storz2009evolutionary,
  title		= {Evolutionary and functional insights into the mechanism
		  underlying high-altitude adaptation of deer mouse
		  hemoglobin},
  author	= {Storz, Jay F and Runck, Amy M and Sabatino, Stephen J and
		  Kelly, John K and Ferrand, Nuno and Moriyama, Hideaki and
		  Weber, Roy E and Fago, Angela},
  journal	= {Proceedings of the National Academy of Sciences},
  volume	= {106},
  number	= {34},
  pages		= {14450--14455},
  year		= {2009},
  publisher	= {National Acad Sciences}
}

@Article{	  sui2009structural,
  title		= {Structural and functional bases for broad-spectrum
		  neutralization of avian and human influenza A viruses},
  author	= {Sui, Jianhua and Hwang, William C and Perez, Sandra and
		  Wei, Ge and Aird, Daniel and Chen, Li-mei and Santelli,
		  Eugenio and Stec, Boguslaw and Cadwell, Greg and Ali,
		  Maryam and others},
  journal	= {Nature structural \& molecular biology},
  volume	= {16},
  number	= {3},
  pages		= {265--273},
  year		= {2009},
  publisher	= {Nature Publishing Group}
}

@Article{	  sun1995,
  author	= {F. Sun},
  title		= {The polymerase chain reaction and branching processes},
  journal	= {J. Comput. Biol.},
  volume	= {2},
  year		= {1995},
  pages		= {63--86}
}

@Article{	  swanson2001positive,
  title		= {Positive Darwinian selection drives the evolution of
		  several female reproductive proteins in mammals},
  author	= {Swanson, Willie J and Yang, Ziheng and Wolfner, Mariana F
		  and Aquadro, Charles F},
  journal	= {Proceedings of the National Academy of Sciences},
  volume	= {98},
  number	= {5},
  pages		= {2509--2514},
  year		= {2001},
  publisher	= {National Acad Sciences}
}

@Article{	  szretter2006,
  author	= {K. J. Szretter and A. L. Balish and J. M. Katz},
  title		= {Influenza: propagation, quantification, and storage},
  journal	= {Current Protocols in Microbiology},
  year		= {2006},
  pages		= {15G.1.1--15G.1.22}
}

@Article{	  takahata1987,
  author	= {N. Takahata},
  journal	= {Genetics},
  title		= {On the overdispersed molecular clock},
  year		= {1987},
  volume	= {116},
  pages		= {169-179}
}

@Article{	  takano1999,
  author	= {K. Takano and M. Ota and K. Ogasahara and Y. Yamagata and
		  K. Nishikawa and K. Yutani},
  title		= {Experimental verification of the `stability profile of
		  mutant protein' (SPMP) data using mutant human lysozymes},
  journal	= {Protein Eng.},
  volume	= {8},
  pages		= {663--672},
  year		= {1999}
}

@Article{	  talarico2012regulation,
  title		= {Regulation of \textit{Helicobacter pylori} adherence by
		  gene conversion},
  author	= {Talarico, Sarah and Whitefield, Shawn E and Fero, Jutta
		  and Haas, Rainer and Salama, Nina R},
  journal	= {Molecular microbiology},
  volume	= {84},
  number	= {6},
  pages		= {1050--1061},
  year		= {2012},
  publisher	= {Wiley Online Library}
}

@Article{	  tamuri2012estimating,
  title		= {Estimating the Distribution of Selection Coefficients from
		  Phylogenetic Data Using Sitewise Mutation-Selection
		  Models},
  author	= {Tamuri, Asif U and dos Reis, Mario and Goldstein, Richard
		  A},
  journal	= {Genetics},
  volume	= {190},
  number	= {3},
  pages		= {1101--1115},
  year		= {2012},
  publisher	= {Genetics Soc America}
}

@Article{	  tamuri2014penalized,
  title		= {A Penalized Likelihood Method for Estimating the
		  Distribution of Selection Coefficients from Phylogenetic
		  Data},
  author	= {Tamuri, Asif U and Goldman, Nick and dos Reis, Mario},
  journal	= {Genetics},
  pages		= {genetics--114},
  year		= {2014},
  publisher	= {Genetics Soc America}
}

@Article{	  taverna2002,
  author	= {D. M. Taverna and R. A. Goldstein},
  title		= {Why are proteins marginally stable?},
  journal	= {Proteins},
  year		= {2002},
  volume	= {46},
  pages		= {105--109}
}

@Article{	  taverna2002b,
  author	= {D. M. Taverna and R. A. Goldstein},
  journal	= {J. Mol. Biol.},
  title		= {Why are proteins so robust to site mutations?},
  year		= {2002},
  volume	= {315},
  pages		= {479--484}
}

@Article{	  thompson1995isolation,
  title		= {Isolation of the \textit{Helicobacter pylori} {recA} gene
		  and involvement of the {recA} region in resistance to low
		  {pH}.},
  author	= {Thompson, Stuart A and Blaser, Martin J},
  journal	= {Infection and immunity},
  volume	= {63},
  number	= {6},
  pages		= {2185--2193},
  year		= {1995},
  publisher	= {Am Soc Microbiol}
}

@Article{	  thorne1996,
  author	= {J. L. Thorne and N. Goldman and D. T. Jones},
  title		= {Combining protein evolution and secondary structure},
  journal	= {Mol. Biol. Evol.},
  year		= {1996},
  volume	= {13},
  pages		= {666-673}
}

@Article{	  thorne2007,
  title		= {Population genetics without intraspecific data},
  author	= {Thorne, Jeffrey L and Choi, Sang Chul and Yu, Jiaye and
		  Higgs, Paul G and Kishino, Hirohisa},
  journal	= {Mol. Biol. Evol.},
  volume	= {24},
  number	= {8},
  pages		= {1667--1677},
  year		= {2007},
  publisher	= {SMBE},
  doi		= {10.1093/molbev/msm085}
}

@Article{	  thyagarajan2014inherent,
  title		= {The inherent mutational tolerance and antigenic
		  evolvability of influenza hemagglutinin},
  author	= {Thyagarajan, Bargavi and Bloom, Jesse D},
  journal	= {eLife},
  year		= {2014},
  volume	= {3},
  pages		= {e03300},
  note		= {\url{http://elifesciences.org/content/3/e03300}}
}

@Article{	  tiana2000,
  author	= {G. Tiana and R. A. Broglia and E. I. Shakhnovich},
  title		= {Hiking in the energy landscape in sequence space: a bumpy
		  road to good folders},
  journal	= {Proteins},
  year		= {2000},
  volume	= {39},
  pages		= {244-251}
}

@Article{	  tien2012,
  title		= {Maximum allowed solvent accessibilites of residues in
		  proteins},
  author	= {Tien, Matthew and Meyer, Austin G and Spielman, Stephanie
		  J and Wilke, Claus O},
  journal	= {PLoS One},
  year		= {2013},
  volume	= {8},
  pages		= {e80635}
}

@Article{	  tong1995,
  author	= {N. Tong and K. Nakajima and S. Nakajima},
  title		= {Identification of the sites for suppressor mutations on
		  the hemagglutinin molecule to temperature-sensitive
		  phenotype of the influenza virus},
  journal	= {Microbiol. Immunol.},
  year		= {1995},
  pages		= {687-692},
  volume	= {39}
}

@Article{	  traxlmayr2012construction,
  title		= {Construction of a stability landscape of the {CH3} domain
		  of human {IgG1} by combining directed evolution with high
		  throughput sequencing},
  author	= {Traxlmayr, Michael W and Hasenhindl, Christoph and Hackl,
		  Matthias and Stadlmayr, Gerhard and Rybka, Jakub D and
		  Borth, Nicole and Grillari, Johannes and R{\"u}ker, Florian
		  and Obinger, Christian},
  journal	= {J. Mol. Biol.},
  year		= {2012},
  publisher	= {Elsevier}
}

@Article{	  tseng2006,
  author	= {Y. Y. Tseng and J. Liang},
  title		= {Estimation of amino acid residue substitution rates at
		  local spatial regions and application in protein function
		  inference: a {B}ayesian {M}onte {C}arlo approach},
  journal	= {Mol. Biol. Evol.},
  year		= {2006},
  volume	= {23},
  pages		= {421-436}
}

@Article{	  ueda1984,
  author	= {M. Ueda and A. Sugiura},
  title		= {Physiological characterization of influenza virus
		  temperature-sensitive mutants defective in the
		  hemagglutinin gene},
  journal	= {J. Gen. Virol.},
  year		= {1984},
  pages		= {1889-1897},
  volume	= {65}
}

@Article{	  uniprot2008,
  author	= {{The UniProt Consortium}},
  title		= {{The Universal Protein Resource (UniProt)}},
  journal	= {Nucleic Acids Res.},
  year		= {2007},
  volume	= {35},
  pages		= {D193-D197}
}

@Article{	  uversky2005,
  author	= {V. N. Uversky and C. J. Oldfield and A. K. Dunker},
  journal	= {J. Mol. Recognit.},
  volume	= {18},
  pages		= {343--384},
  year		= {2005},
  title		= {Showing your {ID}: intrinsic disorder as an {ID} for
		  recognition, regulation and cell signaling}
}

@Article{	  valkenburg2011immunity,
  title		= {Immunity to seasonal and pandemic influenza {A} viruses},
  author	= {Valkenburg, Sophie A and Rutigliano, John A and Ellebedy,
		  Ali H and Doherty, Peter C and Thomas, Paul G and
		  Kedzierska, Katherine},
  journal	= {Microbes and Infection},
  volume	= {13},
  number	= {5},
  pages		= {489--501},
  year		= {2011},
  publisher	= {Elsevier}
}

@Article{	  valkenburg2013acute,
  title		= {Acute emergence and reversion of influenza {A} virus
		  quasispecies within {CD8+ T} cell antigenic peptides},
  author	= {Valkenburg, Sophie A and Qui{\~n}ones-Parra, Sergio and
		  Gras, Stephanie and Komadina, Naomi and McVernon, Jodie and
		  Wang, Zhongfang and Halim, Hanim and Iannello, Pina and
		  Cole, Catherine and Laurie, Karen and others},
  journal	= {Nature communications},
  volume	= {4},
  year		= {2013},
  publisher	= {Nature Publishing Group}
}

@Article{	  van1991vivo,
  title		= {In vivo anti-complementary activities of the cobra venom
		  factors from \textit{Naja naja} and \textit{Naja haje}},
  author	= {Van den Berg, Carmen W and Aerts, Piet C and Dijk, Hans
		  Van},
  journal	= {Journal of immunological methods},
  volume	= {136},
  number	= {2},
  pages		= {287--294},
  year		= {1991},
  publisher	= {Elsevier}
}

@Article{	  van2000mean,
  title		= {Mean and variance of ratio estimators used in fluorescence
		  ratio imaging},
  author	= {Van Kempen, GMP and Van Vliet, LJ},
  journal	= {Cytometry},
  volume	= {39},
  number	= {4},
  pages		= {300--305},
  year		= {2000},
  publisher	= {Wiley Online Library}
}

@Article{	  vandenburg1998,
  author	= {B. van den Burg and G. Vriend and O. R. Veltman and G.
		  Venema and V. G. H. Eusink},
  title		= {Engineering an enzyme to resist boiling},
  journal	= {Proc. Natl. Acad. Sci. USA},
  volume	= {95},
  pages		= {2056--2060},
  year		= {1998}
}

@Article{	  vannimwegen1997,
  author	= {E. van Nimwegen and J. P. Crutchfield and M. Mitchell},
  title		= {Finite populations induce metastability in evolutionary
		  search},
  journal	= {Physics Letters A},
  volume	= {229},
  year		= {1997},
  pages		= {144-150}
}

@Article{	  vannimwegen1999,
  author	= {E. van Nimwegen and J. P. Crutchfield and M. Huynen},
  title		= {Neutral evolution of mutational robustness},
  journal	= {Proc. Natl. Acad. Sci. USA},
  volume	= {96},
  year		= {1999},
  pages		= {9716--9720}
}

@Article{	  vannimwegen2000,
  author	= {E. van Nimwegen and J. P. Crutchfield},
  title		= {Metastable evolutionary dynamics: crossing fitness
		  barriers or escaping via neutral paths?},
  journal	= {Bull. Math. Biol.},
  volume	= {62},
  year		= {2000},
  pages		= {799-848}
}

@Article{	  varadarajan2005,
  author	= {N. Varadarajan and J. Gam and M. J. Olsen and G. Georgiou
		  and B. L. Iverson},
  title		= {Engineering of protease variants exhibiting high catalytic
		  activity and exquisite substrate selectivity},
  journal	= {Proc. Natl. Acad. Sci. USA},
  pages		= {6855-6860},
  volume	= {102},
  year		= {2005}
}

@Article{	  vignuzzi2006,
  author	= {M. Vignuzzi and J. K. Stone and J. J. Arnold and C. E.
		  Cameron and R. Andino},
  title		= {Quasispecies diversity determines pathogenesis through
		  cooperative interactions in a viral population},
  journal	= {Nature},
  year		= {2006},
  pages		= {344-348},
  volume	= {439}
}

@Article{	  virelizier1977early,
  title		= {Early presence of ribonucleoprotein antigen on surface of
		  influenza virus-infected cells},
  author	= {Virelizier, JL},
  journal	= {Nature},
  volume	= {266},
  pages		= {52--54},
  year		= {1977}
}

@Article{	  vita2010,
  title		= {The immune epitope database 2.0},
  author	= {Vita, Randi and Zarebski, Laura and Greenbaum, Jason A and
		  Emami, Hussein and Hoof, Ilka and Salimi, Nima and Damle,
		  Rohini and Sette, Alessandro and Peters, Bjoern},
  journal	= {Nucleic Acids Res.},
  volume	= {38},
  number	= {suppl 1},
  pages		= {D854--D862},
  year		= {2010},
  publisher	= {Oxford Univ Press}
}

@Article{	  voigt2001,
  author	= {C. A. Voigt and S. L. Mayo and F. H. Arnold and Z. G.
		  Wang},
  title		= {Computational method to reduce the search space for
		  directed protein evolution},
  journal	= {Proc. Natl. Acad. Sci. USA},
  volume	= {98},
  year		= {2001},
  pages		= {3778--3783}
}

@Book{		  wagner2005book,
  author	= {A. Wagner},
  title		= {Robustness and Evolvability in Living Systems},
  publisher	= {Princeton University Press},
  year		= {2005},
  address	= {Princeton, New Jersey}
}

@Article{	  wan2013,
  title		= {Molecular Basis for Broad Neuraminidase Immunity:
		  Conserved Epitopes in Seasonal and Pandemic {H1N1} as well
		  as {H5N1} Influenza Viruses},
  author	= {Wan, Hongquan and Gao, Jin and Xu, Kemin and Chen, Hongjun
		  and Couzens, Laura K and Rivers, Katie H and Easterbrook,
		  Judy D and Yang, Kevin and Zhong, Lei and Rajabi, Mohsen
		  and others},
  journal	= {Journal of Virology},
  year		= {2013},
  publisher	= {Am Soc Microbiol}
}

@Article{	  wang1993transformation,
  title		= {Transformation of \textit{Helicobacter pylori} by
		  chromosomal metronidazole resistance and by a plasmid with
		  a selectable chloramphenicol resistance marker},
  author	= {Wang, Ying and Roos, K Pieter and Taylor, Diane E},
  journal	= {Journal of general microbiology},
  volume	= {139},
  number	= {10},
  pages		= {2485--2493},
  year		= {1993},
  publisher	= {Soc General Microbiol}
}

@Article{	  wang2002,
  author	= {X. Wang and G. Minasov and B. K. Shoichet},
  title		= {Evolution of an antibiotic resistance enzyme constrained
		  by stability and activity trade--offs},
  journal	= {J. Mol. Biol.},
  volume	= {320},
  pages		= {85--95},
  year		= {2002}
}

@Article{	  wang2008class,
  title		= {A class frequency mixture model that adjusts for
		  site-specific amino acid frequencies and improves inference
		  of protein phylogeny},
  author	= {Wang, Huai-Chun and Li, Karen and Susko, Edward and Roger,
		  Andrew J},
  journal	= {BMC evolutionary biology},
  volume	= {8},
  number	= {1},
  pages		= {331},
  year		= {2008},
  publisher	= {BioMed Central Ltd}
}

@Article{	  weinreich2006,
  author	= {D. M. Weinreich and N. F. Delaney and M. A. DePristo and
		  D. L. Hartl},
  title		= {Darwinian evolution can follow only very few mutational
		  paths to fitter proteins},
  journal	= {Science},
  year		= {2006},
  pages		= {111-114},
  volume	= {312}
}

@Article{	  weir1984estimating,
  title		= {Estimating {F}-statistics for the analysis of population
		  structure},
  author	= {Weir, Bruce S and Cockerham, C Clark},
  journal	= {evolution},
  pages		= {1358--1370},
  year		= {1984},
  publisher	= {JSTOR}
}

@Article{	  weisemann1988mutations,
  title		= {Mutations at the cysteine codons of the {recA} gene of
		  \textit{Escherichia coli}},
  author	= {Weisemann, jane m and Weinstock, George m},
  journal	= {DNA},
  volume	= {7},
  number	= {6},
  pages		= {389--398},
  year		= {1988}
}

@Article{	  weisemann1991promoter,
  title		= {The promoter of the {recA} gene of \textit{Escherichia
		  coli}},
  author	= {Weisemann, JM and Weinstock, GM},
  journal	= {Biochimie},
  volume	= {73},
  number	= {4},
  pages		= {457--470},
  year		= {1991},
  publisher	= {Elsevier}
}

@Article{	  wells1990,
  author	= {J. A. Wells},
  title		= {Additivity of mutational effects in proteins},
  journal	= {Biochemistry},
  volume	= {29},
  year		= {1990},
  pages		= {8509--8517}
}

@Article{	  wells1992,
  author	= {A. V. Wells and P. Li and P. M. Champion},
  journal	= {Biochemistry},
  year		= {1992},
  volume	= {31},
  pages		= {4384--4393},
  title		= {Resonance raman investigations of \textit{Escherichia
		  coli}-expressed \textit{Pseudomonas putida} cytochrome
		  {P}450 and {P}420}
}

@Article{	  white1999,
  author	= {S. H. White and W. C. Wimley},
  title		= {Membrane protein folding and stability: physical
		  principles},
  journal	= {Annual Review of Biophysics and Biomolecular Structure},
  year		= {1999},
  volume	= {28},
  pages		= {319-365}
}

@Article{	  whittle2011broadly,
  title		= {Broadly neutralizing human antibody that recognizes the
		  receptor-binding pocket of influenza virus hemagglutinin},
  author	= {Whittle, James RR and Zhang, Ruijun and Khurana, Surender
		  and King, Lisa R and Manischewitz, Jody and Golding, Hana
		  and Dormitzer, Philip R and Haynes, Barton F and Walter,
		  Emmanuel B and Moody, M Anthony and others},
  journal	= {Proceedings of the National Academy of Sciences},
  volume	= {108},
  number	= {34},
  pages		= {14216--14221},
  year		= {2011},
  publisher	= {National Acad Sciences}
}

@Article{	  who2010,
  author	= {{WHO}},
  year		= {2010},
  title		= {Influenza update -- 20 {O}ctober 2010},
  journal	= {\url{http://www.who.int/csr/disease/influenza/2010_10_20_GIP_surveillance/en/}}
		  
}

@Article{	  who2010b,
  title		= {Update on oseltamivir-resistant pandemic {A(H1N1)} 2009
		  influenza virus: {J}anuary 2010},
  journal	= {Weekly epidemiological record},
  author	= {{WHO}},
  volume	= {6},
  pages		= {37-48},
  year		= {2010}
}

@Article{	  who2010c,
  title		= {Weekly update on oseltamivir resistance to pandemic
		  influenza {A (H1N1)} 2009 viruses: 30 {J}une 2010},
  year		= {2010},
  author	= {{WHO}},
  journal	= {\url{http://www.who.int/entity/csr/disease/swineflu/oseltamivirresistant20100702.pdf}}
		  
}

@Article{	  wigle2009inhibitors,
  title		= {Inhibitors of {RecA} activity discovered by
		  high-throughput screening: cell-permeable small molecules
		  attenuate the {SOS} response in \textit{Escherichia coli}},
  author	= {Wigle, Tim J and Sexton, Jonathan Z and Gromova, Anna V
		  and Hadimani, Mallinath B and Hughes, Mark A and Smith,
		  Ginger R and Yeh, Li-An and Singleton, Scott F},
  journal	= {Journal of biomolecular screening},
  volume	= {14},
  number	= {9},
  pages		= {1092--1101},
  year		= {2009},
  publisher	= {SAGE Publications}
}

@Article{	  wiley1981,
  title		= {Structural identification of the antibody-binding sites of
		  {Hong Kong} influenza haemagglutinin and their involvement
		  in antigenic variation.},
  author	= {Wiley, DC and Wilson, IA and Skehel, JJ and others},
  journal	= {Nature},
  volume	= {289},
  number	= {5796},
  pages		= {373--378},
  year		= {1981}
}

@Article{	  wiley1981structural,
  title		= {Structural identification of the antibody-binding sites of
		  Hong Kong influenza haemagglutinin and their involvement in
		  antigenic variation.},
  author	= {Wiley, DC and Wilson, IA and Skehel, JJ and others},
  journal	= {Nature},
  volume	= {289},
  number	= {5796},
  pages		= {373--378},
  year		= {1981}
}

@Article{	  wiley1987structure,
  title		= {The structure and function of the hemagglutinin membrane
		  glycoprotein of influenza virus},
  author	= {Wiley, Don C and Skehel, John J},
  journal	= {Annual review of biochemistry},
  volume	= {56},
  number	= {1},
  pages		= {365--394},
  year		= {1987},
  publisher	= {Annual Reviews 4139 El Camino Way, PO Box 10139, Palo
		  Alto, CA 94303-0139, USA}
}

@Article{	  wilke2001,
  author	= {C. O. Wilke},
  title		= {Adaptive evolution on neutral networks},
  journal	= {Bull. Math. Biol.},
  year		= {2001},
  volume	= {63},
  pages		= {715--730}
}

@Article{	  wilke2001b,
  author	= {C. O. Wilke and J. L. Wang and C. Ofria and R. E. Lenski
		  and C. Adami},
  title		= {Evolution of digital organisms at high mutation rates
		  leads to survival of the flattest},
  journal	= {Nature},
  volume	= {412},
  pages		= {331-333},
  year		= {2001}
}

@Article{	  wilke2002,
  author	= {C. O. Wilke and C. Adami},
  title		= {Evolution of mutational robustness},
  journal	= {Mutat. Res.},
  volume	= {522},
  year		= {2003},
  pages		= {3--11}
}

@Article{	  wilke2004,
  author	= {C. O. Wilke},
  title		= {Molecular clock in neutral protein evolution},
  journal	= {BMC Genetics},
  year		= {2004},
  volume	= {5},
  pages		= {25}
}

@Article{	  wilke2005,
  author	= {C. O. Wilke and J. D. Bloom and D. A. Drummond and A.
		  Raval},
  title		= {Predicting the tolerance of proteins to random amino acid
		  substitution},
  journal	= {Biophysical J.},
  year		= {2005},
  volume	= {89},
  pages		= {3714--3720}
}

@Article{	  wilson1990,
  title		= {Structural basis of immune recognition of influenza virus
		  hemagglutinin},
  author	= {Wilson, Ian A and Cox, Nancy J},
  journal	= {Annual review of immunology},
  volume	= {8},
  number	= {1},
  pages		= {737--787},
  year		= {1990},
  publisher	= {Annual Reviews 4139 El Camino Way, PO Box 10139, Palo
		  Alto, CA 94303-0139, USA}
}

@Article{	  wingreen2004,
  author	= {N. S. Wingreen and H. Li and C. Tang},
  title		= {Designability and thermal stability of protein
		  structures},
  journal	= {Polymer},
  volume	= {45},
  pages		= {699--705},
  year		= {2004}
}

@Article{	  wintrode2001,
  author	= {P. L Wintrode and F. H. Arnold},
  title		= {Temperature adaption of enzymes: lessons from laboratory
		  evolution},
  volume	= {55},
  pages		= {161-225},
  year		= {2001},
  journal	= {Adv. Prot. Chem.}
}

@InProceedings{	  woese1966,
  title		= {On the fundamental nature and evolution of the genetic
		  code},
  author	= {Woese, CR and Dugre, DH and Dugre, SA and Kondo, M and
		  Saxinger, WC},
  booktitle	= {Cold Spring Harbor Symposia on Quantitative Biology},
  volume	= {31},
  pages		= {723--736},
  year		= {1966},
  organization	= {Cold Spring Harbor Laboratory Press},
  doi		= {10.1101/SQB.1966.031.01.093}
}

@Article{	  wolynes1996,
  author	= {P. G. Wolynes},
  title		= {Symmetry and the energy landscapes of biomolecules},
  journal	= {Proc. Natl. Acad. Sci. USA},
  volume	= {93},
  year		= {1996},
  pages		= {14249--14255}
}

@Article{	  wong2004accuracy,
  title		= {Accuracy and power of statistical methods for detecting
		  adaptive evolution in protein coding sequences and for
		  identifying positively selected sites},
  author	= {Wong, Wendy SW and Yang, Ziheng and Goldman, Nick and
		  Nielsen, Rasmus},
  journal	= {Genetics},
  volume	= {168},
  number	= {2},
  pages		= {1041--1051},
  year		= {2004},
  publisher	= {Genetics Soc America}
}

@Article{	  wong2006,
  author	= {W. S. W. Wong and R. Sainudiin and R. Nielsen},
  journal	= {BMC Bioinformatics},
  year		= {2006},
  title		= {Identification of physicochemical selective pressure on
		  protein encoding nucleotide sequences},
  volume	= {7},
  pages		= {148}
}

@Article{	  worobey2010island,
  title		= {Island biogeography reveals the deep history of {SIV}},
  author	= {Worobey, Michael and Telfer, Paul and Souqui{\`e}re,
		  Sandrine and Hunter, Meredith and Coleman, Clint A and
		  Metzger, Michael J and Reed, Patricia and Makuwa, Maria and
		  Hearn, Gail and Honarvar, Shaya and others},
  journal	= {Science},
  volume	= {329},
  number	= {5998},
  pages		= {1487--1487},
  year		= {2010},
  publisher	= {American Association for the Advancement of Science}
}

@Article{	  wright1932,
  author	= {S. Wright},
  journal	= {Proc. 6th Int. Cong. Genet.},
  year		= {1932},
  volume	= {1},
  pages		= {356-366},
  title		= {The roles of mutation, inbreeding, crossbreeding and
		  selection in evolution}
}

@Article{	  wright1999,
  author	= {P. E. Wright and H. J. Dyson},
  title		= {Intrinsically unstructured proteins: re-assessing the
		  protein structure-function paradigm},
  journal	= {J. Mol. Biol.},
  year		= {1999},
  volume	= {293},
  pages		= {321-331}
}

@Article{	  wu2013bayesian,
  title		= {Bayesian selection of nucleotide substitution models and
		  their site assignments},
  author	= {Wu, Chieh-Hsi and Suchard, Marc A and Drummond, Alexei J},
  journal	= {Mol. Biol. Evol.},
  volume	= {30},
  number	= {3},
  pages		= {669--688},
  year		= {2013},
  publisher	= {SMBE}
}

@Article{	  wu2014high,
  title		= {High-throughput profiling of influenza {A} virus
		  hemagglutinin gene at single-nucleotide resolution},
  author	= {Wu, Nicholas C and Young, Arthur P and Al-Mawsawi, Laith Q
		  and Olson, C Anders and Feng, Jun and Qi, Hangfei and Chen,
		  Shu-Hwa and Lu, I-Hsuan and Lin, Chung-Yen and Chin, Robert
		  G and others},
  journal	= {Scientific reports},
  volume	= {4},
  pages		= {4942},
  year		= {2014},
  publisher	= {Nature Publishing Group}
}

@Article{	  wu2014hiv,
  title		= {{HIV-1} Quasispecies Delineation by Tag Linkage Deep
		  Sequencing},
  author	= {Wu, Nicholas C and De La Cruz, Justin and Al-Mawsawi,
		  Laith Q and Olson, C Anders and Qi, Hangfei and Luan,
		  Harding H and Nguyen, Nguyen and Du, Yushen and Le, Shuai
		  and Wu, Ting-Ting and others},
  journal	= {PloS one},
  volume	= {9},
  number	= {5},
  pages		= {e97505},
  year		= {2014},
  publisher	= {Public Library of Science}
}

@Article{	  wu2014ns,
  title		= {High-throughput identification of loss-of-function
		  mutations for anti-interferon activity in the influenza {A}
		  virus {NS} segment},
  author	= {Wu, Nicholas C and Young, Arthur P and Al-Mawsawi, Laith Q
		  and Olson, C Anders and Feng, Jun and Qi, Hangfei and Luan,
		  Harding H and Li, Xinmin and Wu, Ting-Ting and Sun, Ren},
  journal	= {Journal of virology},
  volume	= {88},
  number	= {17},
  pages		= {10157--10164},
  year		= {2014},
  publisher	= {Am Soc Microbiol}
}

@Article{	  wunderlich2005,
  author	= {M. Wunderlich and A. Martin and F. X. Schmid},
  journal	= {J. Mol. Biol.},
  title		= {Stabilization of the cold shock protein {CspB} from
		  \textit{Bacillus subtilis} by evolutionary optimization of
		  coulombic interactions},
  volume	= {347},
  pages		= {1063-1076},
  year		= {2005}
}

@Article{	  xia2002,
  author	= {Y. Xia and M. Levitt},
  journal	= {Proc. Natl. Acad. Sci. USA},
  volume	= {99},
  title		= {Roles of mutation and recombination in the evolution of
		  protein thermodynamics},
  year		= {2002},
  pages		= {10382--10387}
}

@Article{	  xia2004,
  author	= {Y. Xia and M. Levitt},
  title		= {Simulating protein evolution in sequence and structure
		  space},
  journal	= {Curr. Opin. Struct. Biol.},
  volume	= {14},
  year		= {2004},
  pages		= {202--207}
}

@Article{	  xia2004b,
  author	= {Y. Xia and M. Levitt},
  title		= {Funnel--like organization in sequence space determines the
		  distributions of protein stability and folding rate
		  preferred by evolution},
  journal	= {Proteins},
  volume	= {55},
  pages		= {107--114},
  year		= {2004}
}

@Article{	  xu2008,
  author	= {X. Xu and X. Zhu and R. A. Dwek and J. Stevens and I. A.
		  Wilson},
  title		= {Structural characterization of the 1918 influenza virus
		  {H1N1} neuraminidase},
  journal	= {J. Virology},
  year		= {2008},
  pages		= {10493-10501},
  volume	= {82}
}

@Article{	  yampolsky2005exchangeability,
  title		= {The exchangeability of amino acids in proteins},
  author	= {Yampolsky, Lev Y and Stoltzfus, Arlin},
  journal	= {Genetics},
  volume	= {170},
  number	= {4},
  pages		= {1459--1472},
  year		= {2005},
  publisher	= {Genetics Soc America}
}

@Article{	  yang1993,
  author	= {A. S. Yang and B. Honig},
  title		= {On the {pH} dependence of protein stability},
  year		= {1993},
  volume	= {231},
  pages		= {459-474},
  journal	= {J. Mol. Biol.}
}

@Article{	  yang1994,
  author	= {A. S. Yang and B. Honig},
  title		= {Structural origins of {pH} and ionic strength effects on
		  protein stability. Acid denaturation of sperm whale
		  myoglobin},
  journal	= {J. Mol. Biol.},
  year		= {1994},
  pages		= {602-614},
  volume	= {237}
}

@Article{	  yang1994maximum,
  title		= {Maximum likelihood phylogenetic estimation from {DNA}
		  sequences with variable rates over sites: approximate
		  methods},
  author	= {Yang, Ziheng},
  journal	= {J. Mol. Evol.},
  volume	= {39},
  number	= {3},
  pages		= {306--314},
  year		= {1994},
  publisher	= {Springer}
}

@Article{	  yang1998synonymous,
  title		= {Synonymous and nonsynonymous rate variation in nuclear
		  genes of mammals},
  author	= {Yang, Ziheng and Nielsen, Rasmus},
  journal	= {J. Mol. Evol.},
  volume	= {46},
  number	= {4},
  pages		= {409--418},
  year		= {1998},
  publisher	= {Springer}
}

@Article{	  yang2000,
  author	= {Z. Yang},
  title		= {Maximum likelihood estimation on large phylogenies and
		  analysis of adaptive evolution in human influenza virus A},
  journal	= {J. Mol. Evol.},
  pages		= {423-432},
  volume	= {51},
  year		= {2000}
}

@Article{	  yang2000codon,
  title		= {Codon-substitution models for heterogeneous selection
		  pressure at amino acid sites},
  author	= {Yang, Ziheng and Nielsen, Rasmus and Goldman, Nick and
		  Pedersen, Anne-Mette Krabbe},
  journal	= {Genetics},
  volume	= {155},
  number	= {1},
  pages		= {431--449},
  year		= {2000},
  publisher	= {Genetics Soc America}
}

@Article{	  yang2005bayes,
  title		= {Bayes empirical Bayes inference of amino acid sites under
		  positive selection},
  author	= {Yang, Ziheng and Wong, Wendy SW and Nielsen, Rasmus},
  journal	= {Molecular Biology and Evolution},
  volume	= {22},
  number	= {4},
  pages		= {1107--1118},
  year		= {2005},
  publisher	= {SMBE}
}

@Article{	  yang2010,
  title		= {Early findings of oseltamivir-resistant pandemic {(H1N1)}
		  2009 influenza {A} viruses in {T}aiwan},
  author	= {J. R. Yang and Y. P. Huang and Y. C. Lin and C. H. Su and
		  C. Y. Kuo and L. C. Hsu and C. Wu and M. T. Liu},
  journal	= {Antiviral Res.},
  volume	= {88},
  year		= {2010},
  pages		= {256-262}
}

@Article{	  ye2006,
  title		= {The mechanism by which influenza {A} virus nucleoprotein
		  forms oligomers and binds {RNA}},
  author	= {Ye, Qiaozhen and Krug, Robert M and Tao, Yizhi Jane},
  journal	= {Nature},
  volume	= {444},
  number	= {7122},
  pages		= {1078--1082},
  year		= {2006},
  publisher	= {Nature Publishing Group},
  doi		= {10.1038/nature05379}
}

@Article{	  yeh2006,
  author	= {W. W. Yeh and E. M. Cale and P. Jaru-Ampornpan and C. I.
		  Lord and F. W. Peyerl and N. L. Letvin},
  title		= {Compensatory substitutions restore normal core assembly in
		  simian immunodeficiency virus isolates with gag epitope
		  cytotoxic {T}-lymphocyte escape mutations},
  journal	= {J. Virology},
  year		= {2006},
  pages		= {8168-8177},
  volume	= {80}
}

@Article{	  yewdell1979antigenic,
  title		= {Antigenic variation in three distinct determinants of an
		  influenza type A haemagglutinin molecule},
  author	= {Yewdell, JW and Webster, RG and Gerhard, WU},
  journal	= {Nature},
  volume	= {279},
  number	= {5710},
  pages		= {246--248},
  year		= {1979},
  publisher	= {Nature Publishing Group}
}

@Article{	  yewdell1981expression,
  title		= {Expression of influenza {A} virus internal antigens on the
		  surface of infected {P815} cells.},
  author	= {Yewdell, JONATHAN W and Frank, EVAN and Gerhard, WALTER},
  journal	= {The Journal of Immunology},
  volume	= {126},
  number	= {5},
  pages		= {1814--1819},
  year		= {1981},
  publisher	= {Am Assoc Immnol}
}

@Article{	  yu1995,
  author	= {X. C. Yu and S. Shen and H. W. Strobel},
  title		= {Denaturation of cytochrome P450 2B1 by guanidine
		  hydrochloride and urea: evidence for a metastable
		  intermediate state of the active site},
  journal	= {Biochemistry},
  volume	= {34},
  year		= {1995},
  pages		= {5511-5517}
}

@Article{	  zeldovich2007,
  author	= {K. B. Zeldovich and P. Chen and E. I. Shakhnovich},
  title		= {Protein stability imposes limits on organism complexity
		  and speed of molecular evolution},
  journal	= {Proc. Natl. Acad. Sci. USA},
  volume	= {104},
  year		= {2007},
  pages		= {16152-16157}
}

@Article{	  zhang1995,
  author	= {X. J. Zhang and W. A. Baase and B. K. Shoichet and K. P.
		  Wilson and B. W. Matthews},
  title		= {Enhancement of protein stability by the combination of
		  point mutations in {T}4 lysozyme is additive},
  journal	= {Protein Eng.},
  volume	= {8},
  pages		= {1017--1022},
  year		= {1995}
}

@Article{	  zhao1999,
  author	= {H. Zhao and F. H. Arnold},
  title		= {Directed evolution converts subtilisin {E} into a
		  functional equivalent of thermitase},
  journal	= {Protein Eng.},
  volume	= {12},
  year		= {1999},
  pages		= {47--53}
}

@Article{	  zhou2002,
  author	= {H. Zhou and Z. Zhou},
  title		= {Distance-scaled, finite ideal-gas reference state improves
		  structure-derived potentials of mean force for structure
		  selection and stability prediction},
  journal	= {Protein Sci.},
  volume	= {11},
  pages		= {2714-2726},
  year		= {2002}
}

@Article{	  zuckerkandl1960,
  author	= {E. Zuckerkandl and R. T. Jones and L. Pauling},
  title		= {A comparison of animal hemoglobins by tryptic peptide
		  pattern analysis},
  journal	= {Proc. Natl. Acad. Sci. USA},
  volume	= {46},
  pages		= {1349-1360},
  year		= {1960}
}

@InProceedings{	  zuckerkandl1965,
  author	= {E. Zuckerkandl and L. Pauling},
  booktitle	= {Evolving genes and proteins},
  title		= {Evolutionary divergence and convergence in proteins},
  year		= {1965},
  pages		= {97--166},
  publisher	= {Academic Press},
  address	= {New York, NY}
}
